<body class="fw-font-apple-gothic" data-domain="SDP" data-product-id="6304732510" style="overflow: auto;"><div hidden=""><!--$--><!--/$--></div><div><div id="wa-config" data-currency="__원" data-arrow-left="https://front.coupangcdn.com/front-web-next/_next/static/media/arrow_left.128503b7.png" data-t="{&quot;94b7db&quot;:&quot;닫기&quot;,&quot;ff1379&quot;:&quot;삭제가 안됐나요? 다시 한번 해보세요.&quot;,&quot;52624c&quot;:&quot;최근본 상품이&quot;,&quot;7779d6&quot;:&quot;없습니다.&quot;,&quot;2d47c8&quot;:&quot;다시 시도해 주세요.&quot;,&quot;back&quot;:&quot;뒤로가기&quot;,&quot;4b8d54&quot;:&quot;검색&quot;,&quot;990d4f&quot;:&quot;마이크&quot;,&quot;2bdfeb&quot;:&quot;최근검색어켜기&quot;,&quot;c8917d&quot;:&quot;최근검색어끄기&quot;,&quot;fd74f0&quot;:&quot;검색어&quot;,&quot;8124e8&quot;:&quot;최근&quot;,&quot;fc81e2&quot;:&quot;삭제&quot;,&quot;f3dc4f&quot;:&quot;최근 검색어 저장 기능이 꺼져 있습니다.&quot;,&quot;4bcb41&quot;:&quot;여행/티켓&quot;,&quot;0037c7&quot;:&quot;테마관&quot;,&quot;6e50be&quot;:&quot;더보기&quot;,&quot;a4b69f&quot;:&quot;전체&quot;}" data-search-uri="/np/search" data-web-domain="https://www.coupang.com" data-apply-app-redirection="1"></div><div id="wa-header" class="fw-font-apple-gothic  fw-bg-white s600:fw-static "><div class="fw-bg-[#f0f0f0] " id="wa-top-bar"><div style="max-width:1500px" class="fw-m-auto fw-w-full fw-text-[11px]"><menu class="fw-relative fw-float-right *:fw-float-right *:fw-h-[33px] *:fw-pr-[12px] *:fw-pt-[10px]"><li class="fw-hidden s600:fw-block"><a href="https://wing.coupang.com/tenants/vendor-signup/signup?utm_source=button_pc_coupang_app_category_3&amp;utm_medium=non_paid&amp;utm_id=onsite_ca&amp;utm_content=20240328">판매자 가입</a></li><li class="cs-center fw-group fw-relative"><a href="https://mc.coupang.com/ssr/desktop/contact/faq" data-log="{ id: 'customer_center'}">고객센터</a><p class="fw-hidden group-hover:fw-block" style="z-index:9999"><a href="https://mc.coupang.com/ssr/desktop/contact/faq" data-log="{ id:'customer_center_1' }">자주묻는 질문</a><a href="https://mc.coupang.com/ssr/desktop/contact/inquiry" data-log="{ id:'customer_center_3' }">1:1 채팅문의</a><a href="https://mc.coupang.com/ssr/desktop/contact/voc" data-log="{ id:'customer_center_2' }">고객의 소리</a><a href="https://www.coupang.com/returnPolicy.pang" data-log="{ id:'customer_center_4' }">취소 / 반품 안내</a></p></li><li><a href="https://login.coupang.com/login/memberJoinFrm.pang" title="회원가입">회원가입</a></li><li><a href="https://login.coupang.com/login/login.pang?rtnUrl=https%3A%2F%2Fwww.coupang.com%2Fnp%2Fpost%2Flogin%3Fr%3Dhttp%253A%252F%252Fwww.coupang.com%252Fvp%252Fproducts%252F6304732510%253FvendorItemId%253D83726045018%2526sourceType%253DHOME_RELATED_ADS%2526searchId%253Dfeed-cee516840d704d5986e2ab33448c1457-3.33.55%25253Arelated_ads%2526clickEventId%253D8b540f30-990a-11f0-901d-c592a65a661e" title="로그인">로그인</a></li></menu><menu id="subscribeHeader" class="fw-hidden s600:fw-block"><li class="new-header"><a id="wa-bookmark" data-msg="Ctrl+D 키를 누르면 즐겨찾기에 추가하실 수 있습니다." class="bookmark" data-log="{ id: &quot;add_to_favorites&quot; }">즐겨찾기</a></li><li class="vendor-join"><a class="dropdown_menu_flag">입점신청<i class="ic"></i></a><p class="vendor-join-menu fw-hidden" style="z-index:9999"><a href="https://marketplace.coupangcorp.com/s/?utm_source=button_pc&amp;utm_medium=non_paid&amp;utm_campaign=onsite_ca&amp;utm_id=coupang_app" data-log="{ id:'seller_page' }" target="_blank">오픈마켓</a><a href="https://with.coupang.com/contract/initialize" data-log="{ id:'travel_seller_page' }" target="_blank">여행·티켓</a><a href="https://supplier.coupang.com/welcome/join" data-log="{ id:'rocket_seller_page' }" target="_blank">로켓배송</a><a href="https://partners.coupang.com" data-log="{ id:'affiliate_marketing_page' }" target="_blank">제휴마케팅</a><a href="https://sell.coupang.com?utm_source=web_button_pc_rg&amp;utm_medium=referral&amp;utm_campaign=onsite_lead&amp;utm_id=coupang_web?inflow=WEB_HEADER_B" data-log="{ id:'rocketGrowth' }" target="_blank">로켓그로스</a></p></li></menu><div class="fw-invisible fw-clear-both fw-h-[0px]">.</div></div></div><div><select id="wa-category-select" name="component" class="searchCategories search_category_filter fw-hidden"><option value="" data-text="전체">전체</option></select><div style="max-width:1500px" class="fw-mx-auto fw-flex fw-w-full fw-items-center fw-pr-[5px] max-s1024:rlux:fw-bg-[#131516]"><div id="wa-category" class="fw-relative fw-flex fw-h-[48px] fw-w-[48px] fw-cursor-pointer fw-flex-col fw-items-center fw-justify-center fw-bg-[#346aff] rlux:fw-bg-[#131516] s1024:fw-h-[119px] s1024:fw-w-[110px]"><div class="fw-flex fw-h-[24px] fw-w-[24px] fw-flex-col fw-items-center fw-justify-around s1024:fw-h-[28px] s1024:fw-w-[28px]"><div class="fw-h-[1px] fw-w-full fw-bg-white s1024:fw-h-[4px]"></div><div class="fw-h-[1px] fw-w-full fw-bg-white s1024:fw-h-[4px]"></div><div class="fw-h-[1px] fw-w-full fw-bg-white s1024:fw-h-[4px]"></div></div><div class="fw-mt-[15px] fw-hidden fw-w-[45px] fw-text-center fw-text-[13px] fw-font-normal fw-leading-none fw-text-white s1024:fw-block">카테고리</div><div class="category-layer" id="wa-pc-category" data-icons="https://front.coupangcdn.com/front-web-next/_next/static/media/icons.03b3790b.png" style="z-index:9999"><div class="fw-hidden">쇼핑</div><ul class="menu shopping-menu-list fd"></ul><div class="fw-hidden">티켓</div><ul class="menu ticket-menu-list fd"></ul><div class="fw-hidden">테마관</div><ul class="menu theme-menu-list menu-divider fd fw-hidden"></ul><ul class="menu ingress-menu-list fd"><li class="ingress-point"><a href="https://wing.coupang.com/tenants/vendor-signup/signup?utm_source=button_pc_coupang_app_category_3&amp;utm_medium=non_paid&amp;utm_id=onsite_ca&amp;utm_content=20240328" data-el="seller_signup" data-text="입점/판매 신청" style="background-image: url(&quot;https://front.coupangcdn.com/front-web-next/_next/static/media/icons.03b3790b.png&quot;);">입점/판매 신청</a></li></ul><div class="loader-wrapper"><span class="loader"></span></div></div><div class="fw-absolute fw-left-0 fw-top-[114px] fw-z-10 fw-hidden fw-w-[220px] fw-overflow-auto fw-bg-white fw-shadow-md" id="wa-mobile-category" style="z-index:9999"><div id="wa-mobile-category-language"></div><div id="wa-category-list-wrap"></div><div id="wa-mobile-category-app-links"></div><div class="loader-wrapper"><span class="loader"></span></div></div></div><div class="fw-flex fw-flex-1 fw-flex-col max-s1024:fw-h-[48px]"><div class="fw-ml-[16px] fw-flex fw-items-center fw-justify-between max-s1024:fw-h-[48px] s1024:fw-ml-[30px] s1024:fw-mt-[20px]"><a href="https://www.coupang.com" class="fw-mr-[25px] fw-inline-block fw-flex-none"><img loading="lazy" class="fw-h-[23px] fw-w-[101px] s1024:fw-h-[36px] s1024:fw-w-[154px]" src="//image7.coupangcdn.com/image/coupang/common/logo_coupang_w350.png" alt="Coupang"></a><form id="wa-search-form" class="product-search search-form fw-flex fw-flex-1 fw-items-center fw-border-0 fw-hidden s1024:fw-flex fw-border-2 rlux:fw-border-bluegray-1000" action="/np/search"><select name="component" class="searchCategories search_category_filter fw-hidden" sb="91959317" style="display: none;"><option value="" data-text="전체">전체</option></select><div class="select--category fw-w-[90px] s500:fw-w-[135px]" id="sbHolder_91959317"><span class="select--category--button" id="sbToggle_91959317" href="#"></span><a class="select--category__current rlux:fw-text-bluegray-800" id="sbSelector_91959317" href="#">전체</a><ul id="sbOptions_91959317" class="select--category--option" style="display: none; z-index: 9970;"><li class="last"><a href="#" rel="" class="select--category--option__focused">전체</a></li>
          <div class="loader-wrapper">
            <span class="loader"></span>
          </div>
        </ul></div><div class="header-searchForm fw-relative fw-flex-1"><input type="text" maxlength="49" placeholder="찾고 싶은 상품을 검색해보세요!" class="headerSearchKeyword coupang-search fw-h-full fw-w-full fw-bg-white fw-indent-[10px] fw-text-[14px] fw-outline-none rlux:fw-text-bluegray-1000 rlux:placeholder:fw-text-bluegray-800 ad-keyword is-speech" title="쿠팡 상품 검색" autocomplete="off" name="q" value=""><input type="hidden" name="traceId"><div class="headerPopupWords popularity-words" style="z-index: 9999; display: none;"><div class="autocomplete_wrap"></div><div class="history-btns"><span class="delete-all-kwdhistory del-button">전체삭제</span><span class="history-on-off on">최근검색어끄기</span></div></div></div><a class="speech-mic fw-mr-[12px] fw-hidden fw-flex-none fw-cursor-pointer" style="display: inline-block;"></a><button type="submit" class="headerSearchBtn fw-mr-[12px] fw-inline-block fw-flex-none" title="검색"><img loading="lazy" alt="" width="20" height="21" src="https://front.coupangcdn.com/front-web-next/_next/static/media/search.85cd3dbf.png"></button><input type="hidden" name="channel" value="user"></form><ul class="icon-menus fw-flex"><li class="my-coupang fw-group fw-relative fw-mx-[24px] fw-flex fw-items-center"><a id="wa-mycoupang-link" href="https://mc.coupang.com/ssr/desktop/order/list" data-log="{ id: 'mycoupang'}"><img loading="lazy" alt="" class="fw-h-[36px] fw-w-[36px] s1024:fw-h-[44px] s1024:fw-w-[44px]" src="https://front.coupangcdn.com/front-web-next/_next/static/media/person.07e45e52.png"><div class="fw-hidden fw-text-center s1024:fw-block">마이쿠팡</div></a><p class="my-coupang-menu fw-top-[29px] fw-hidden group-hover:fw-block s1024:fw-top-[52px]" style="z-index:9999"><span class="wrapper"><i class="arrow"></i><a href="https://mc.coupang.com/ssr/desktop/order/list" data-log="{ id: 'mycoupang_1'}">주문목록</a><a href="https://mc.coupang.com/ssr/desktop/cancel-return-exchange/list" data-log="{ id: 'mycoupang_2'}">취소/반품</a><a href="//wish-web.coupang.com/wishInitView.pang" data-log="{ id: 'mycoupang_4'}">찜 리스트</a></span></p></li><li class="cart w-mr-0 fw-relative fw-flex s1024:fw-mr-[10px]" id="wa-cart-menu"><a id="wa-cart-link" href="//cart.coupang.com/cartView.pang" data-log="{ id: 'cart' }"><img loading="lazy" src="https://front.coupangcdn.com/front-web-next/_next/static/media/cart.ccef8f9e.png" class="fw-h-[36px] fw-w-[36px] s1024:fw-h-[44px] s1024:fw-w-[44px]" alt=""><em id="headerCartCount" class="fw-right-[-4px] fw-top-[-4px]">0</em><div class="fw-hidden fw-text-center s1024:fw-block">장바구니</div></a><div class="fw-top-[29px] fw-hidden s1024:fw-top-[52px]" style="z-index:9999" id="wa-cart-preview"><span class="wrapper"><i class="arrow"></i><div id="wa-cart-content"><div class="loader-wrapper"><span class="loader"></span></div></div><div id="wa-cart-empty"><ul><li class="empty-cart">장바구니에 담긴 상품이 없습니다.</li></ul></div><a href="//cart.coupang.com/cartView.pang" id="wa-cart-btn"><span><span>장바구니 전체보기</span><i class="blue-arrow"></i></span></a></span></div></li></ul></div><div class="fw-mt-[8px] fw-hidden fw-items-center fw-justify-between s1024:fw-flex"><div id="quick-category-pc" class=" gnb-menu-container fw-hidden fw-pl-[20px] s600:fw-block" style="padding-left: 32px; padding-right: 32px;"><a class="gnb-menu-btn gnb-menu-btn-left" tabindex="0" style="display: flex;"><span></span></a><div class="fw-w-0"><ul class="gnb-menu-scroll gnb-menu-animation" style="width: 1321px; left: 0px;"><li class="gnb-menu-item"><a href="https://www.coupangplay.com/catalog" class="" data-log="{ id:'gnb_menu_item_GNB_V2', param:{sectionId:'coupangplay'} }" target="_blank"><img loading="lazy" class="gnb-menu-item__icon" alt="쿠팡플레이" src="https://image7.coupangcdn.com/image/coupang/home/icons/web/kr/coupang-play.png"><span>쿠팡플레이</span></a></li><li class="gnb-menu-item"><a href="https://www.coupang.com/np/campaigns/82" class="" data-log="{ id:'gnb_menu_item_GNB_V2', param:{sectionId:'rocketdelivery'} }"><img loading="lazy" class="gnb-menu-item__icon" alt="로켓배송" src="https://image8.coupangcdn.com/image/coupang/home/icons/web/kr/rocket-delivery.png"><span>로켓배송</span></a></li><li class="gnb-menu-item"><a href="https://www.coupang.com/np/categories/393760" class="" data-log="{ id:'gnb_menu_item_GNB_V2', param:{sectionId:'rocketfresh'} }"><img loading="lazy" class="gnb-menu-item__icon" alt="로켓프레시" src="https://image7.coupangcdn.com/image/coupang/home/icons/web/kr/rocket-fresh.png"><span>로켓프레시</span></a></li><li class="gnb-menu-item"><a href="https://pages.coupang.com/p/152978" class="" data-log="{ id:'gnb_menu_item_GNB_V2', param:{sectionId:'null'} }"><img loading="lazy" class="gnb-menu-item__icon" alt="2025 추석" src="https://image9.coupangcdn.com/image/coupang/home/icons/csk2025/pc-web.png"><span>2025 추석</span><i class="in " data-new-tag-exposure-mills="0"></i></a></li><li class="gnb-menu-item"><a href="https://www.coupang.com/np/fbi?sourceType=home_section_fbi" class="" data-log="{ id:'gnb_menu_item_GNB_V2', param:{sectionId:'frequent_buy_item'} }"><img loading="lazy" class="gnb-menu-item__icon" alt="다시 구매" src="https://image10.coupangcdn.com/image/coupang/common/fbi_icon_3x.png"><span>다시 구매</span><i class="in in-exposure" data-new-tag-exposure-mills="2592000000"></i></a></li><li class="gnb-menu-item"><a href="https://login.coupang.com/corporation/member/landing-page" class="" data-log="{ id:'gnb_menu_item_GNB_V2', param:{sectionId:'businessmall_landing'} }"><img loading="lazy" class="gnb-menu-item__icon" alt="쿠팡비즈" src="https://image6.coupangcdn.com/image/coupang/home/icons/web/kr/biz.png"><span>쿠팡비즈</span></a></li><li class="gnb-menu-item"><a href="https://www.coupang.com/np/coupangglobal" class="" data-log="{ id:'gnb_menu_item_GNB_V2', param:{sectionId:'coupangglobal'} }"><img loading="lazy" class="gnb-menu-item__icon" alt="로켓직구" src="https://image10.coupangcdn.com/image/coupang/home/icons/web/kr/oversea-delivery.png"><span>로켓직구</span></a></li><li class="gnb-menu-item"><a href="https://pages.coupang.com/p/121237?sourceType=gm_crm_goldbox&amp;subSourceType=gm_crm_gwsrtcut" class="" data-log="{ id:'gnb_menu_item_GNB_V2', param:{sectionId:'gold_box'} }"><img loading="lazy" class="gnb-menu-item__icon" alt="골드박스" src="https://image8.coupangcdn.com/image/coupang/home/icons/web/kr/gold-box.png"><span>골드박스</span></a></li><li class="gnb-menu-item"><a href="https://pages.coupang.com/p/136938" class="" data-log="{ id:'gnb_menu_item_GNB_V2', param:{sectionId:'NEW_ITEM'} }"><img loading="lazy" class="gnb-menu-item__icon" alt="이달의신상" src="https://image8.coupangcdn.com/image/coupang/home/icons/web/kr/new-item-of-month.png"><span>이달의신상</span></a></li><li class="gnb-menu-item"><a href="https://www.coupang.com/np/omp" class="" data-log="{ id:'gnb_menu_item_GNB_V2', param:{sectionId:'OMP'} }"><img loading="lazy" class="gnb-menu-item__icon" alt="판매자특가" src="https://image7.coupangcdn.com/image/coupang/home/icons/web/kr/omp.png"><span>판매자특가</span></a></li><li class="gnb-menu-item"><a href="https://www.coupang.com/np/campaigns/83" class="" data-log="{ id:'gnb_menu_item_GNB_V2', param:{sectionId:'subscription'} }"><img loading="lazy" class="gnb-menu-item__icon" alt="와우회원할인" src="https://image6.coupangcdn.com/image/coupang/home/icons/web/kr/wow.png"><span>와우회원할인</span></a></li><li class="gnb-menu-item"><a href="https://www.coupang.com/np/coupangbenefit" class="" data-log="{ id:'gnb_menu_item_GNB_V2', param:{sectionId:'coupangbenefit'} }"><img loading="lazy" class="gnb-menu-item__icon" alt="이벤트/쿠폰" src="https://image8.coupangcdn.com/image/coupang/home/icons/web/kr/benefit.png"><span>이벤트/쿠폰</span></a></li><li class="gnb-menu-item"><a href="https://pages.coupang.com/p/54908" class="" data-log="{ id:'gnb_menu_item_GNB_V2', param:{sectionId:'WAREHOUSE'} }"><img loading="lazy" class="gnb-menu-item__icon" alt="반품마켓" src="https://image7.coupangcdn.com/image/coupang/home/icons/web/kr/returned-market.png"><span>반품마켓</span></a></li><li class="gnb-menu-item"><a href="https://pages.coupang.com/p/63240" class="" data-log="{ id:'gnb_menu_item_GNB_V2', param:{sectionId:'GOOD_MARKET'} }"><img loading="lazy" class="gnb-menu-item__icon" alt="착한상점" src="https://image6.coupangcdn.com/image/coupang/home/icons/web/kr/sustainable-market.png"><span>착한상점</span><i class="in " data-new-tag-exposure-mills="0"></i></a></li><li class="gnb-menu-item"><a href="https://pages.coupang.com/p/bep?sourceType=gm_crm_oms&amp;subSourceType=gm_crm_gwsrtcut" class="" data-log="{ id:'gnb_menu_item_GNB_V2', param:{sectionId:'exhibition'} }"><img loading="lazy" class="gnb-menu-item__icon" alt="기획전" src="https://image6.coupangcdn.com/image/coupang/home/icons/web/kr/event.png"><span>기획전</span></a></li><li class="gnb-menu-item"><a href="https://trip.coupang.com/?channel=gnb" class="" data-log="{ id:'gnb_menu_item_GNB_V2', param:{sectionId:'TRAVEL'} }"><img loading="lazy" class="gnb-menu-item__icon" alt="쿠팡트래블" src="https://image6.coupangcdn.com/image/coupang/home/icons/web/kr/travel.png"><span>쿠팡트래블</span><i class="in " data-new-tag-exposure-mills="0"></i></a></li><li class="gnb-menu-item"><a href="https://wing.coupang.com/tenants/vendor-signup/signup?utm_source=button_pc_coupang_shortcut_1&amp;utm_medium=non_paid&amp;utm_id=onsite_ca&amp;utm_content=202411" class="" data-log="{ id:'gnb_menu_item_GNB_V2', param:{sectionId:'SELL_ON_COUPANG'} }"><img loading="lazy" class="gnb-menu-item__icon" alt="입점신청" src="https://image8.coupangcdn.com/image/coupang/home/icons/web/kr/sell-on-coupang.png"><span>입점신청</span></a></li></ul></div><a class="gnb-menu-btn gnb-menu-btn-right gnb-menu-btn-active" tabindex="0" style="display: flex;"><span></span></a></div></div></div></div><div class="fw-block fw-border-b-[1px] fw-border-t-[1px] fw-border-[#C4CDD5] fw-p-[10px] s1024:fw-hidden"><form id="wa-search-form-tablet" class="product-search search-form fw-flex fw-flex-1 fw-items-center fw-border-0  fw-border-2 rlux:fw-border-bluegray-1000" action="/np/search"><div class="select--category fw-w-[90px] s500:fw-w-[135px]"><span class="select--category--button"></span><a class="select--category__current rlux:fw-text-bluegray-800" id="currentCategoryText">전체</a></div><div class="header-searchForm fw-relative fw-flex-1"><input type="text" maxlength="49" placeholder="찾고 싶은 상품을 검색해보세요!" class="headerSearchKeyword coupang-search fw-h-full fw-w-full fw-bg-white fw-indent-[10px] fw-text-[14px] fw-outline-none rlux:fw-text-bluegray-1000 rlux:placeholder:fw-text-bluegray-800" title="쿠팡 상품 검색" autocomplete="off" name="q" value=""><input type="hidden" name="traceId"><div class="headerPopupWords popularity-words" style="z-index:9999"><div class="autocomplete_wrap"></div><div class="history-btns"><span class="delete-all-kwdhistory del-button">전체삭제</span><span class="history-on-off on">최근검색어끄기</span></div></div></div><a class="speech-mic fw-mr-[12px] fw-hidden fw-flex-none fw-cursor-pointer"></a><button type="submit" class="headerSearchBtn fw-mr-[12px] fw-inline-block fw-flex-none" title="검색"><img loading="lazy" alt="" width="20" height="21" src="https://front.coupangcdn.com/front-web-next/_next/static/media/search.85cd3dbf.png"></button><input type="hidden" name="channel" value="user"></form></div><div class="fw-mt-[8px] fw-hidden fw-items-center fw-justify-between s768:fw-flex s1024:fw-hidden"><div id="quick-category-tablet" class=" gnb-menu-container fw-hidden fw-pl-[20px] s600:fw-block"><a class="gnb-menu-btn gnb-menu-btn-left" tabindex="0" style="display: flex;"><span></span></a><div class="fw-w-0"><ul class="gnb-menu-scroll"><li class="gnb-menu-item"><a href="https://www.coupangplay.com/catalog" class="" data-log="{ id:'gnb_menu_item_GNB_V2', param:{sectionId:'coupangplay'} }" target="_blank"><img loading="lazy" class="gnb-menu-item__icon" alt="쿠팡플레이" src="https://image7.coupangcdn.com/image/coupang/home/icons/web/kr/coupang-play.png"><span>쿠팡플레이</span></a></li><li class="gnb-menu-item"><a href="https://www.coupang.com/np/campaigns/82" class="" data-log="{ id:'gnb_menu_item_GNB_V2', param:{sectionId:'rocketdelivery'} }"><img loading="lazy" class="gnb-menu-item__icon" alt="로켓배송" src="https://image8.coupangcdn.com/image/coupang/home/icons/web/kr/rocket-delivery.png"><span>로켓배송</span></a></li><li class="gnb-menu-item"><a href="https://www.coupang.com/np/categories/393760" class="" data-log="{ id:'gnb_menu_item_GNB_V2', param:{sectionId:'rocketfresh'} }"><img loading="lazy" class="gnb-menu-item__icon" alt="로켓프레시" src="https://image7.coupangcdn.com/image/coupang/home/icons/web/kr/rocket-fresh.png"><span>로켓프레시</span></a></li><li class="gnb-menu-item"><a href="https://pages.coupang.com/p/152978" class="" data-log="{ id:'gnb_menu_item_GNB_V2', param:{sectionId:'null'} }"><img loading="lazy" class="gnb-menu-item__icon" alt="2025 추석" src="https://image9.coupangcdn.com/image/coupang/home/icons/csk2025/pc-web.png"><span>2025 추석</span><i class="in " data-new-tag-exposure-mills="0"></i></a></li><li class="gnb-menu-item"><a href="https://www.coupang.com/np/fbi?sourceType=home_section_fbi" class="" data-log="{ id:'gnb_menu_item_GNB_V2', param:{sectionId:'frequent_buy_item'} }"><img loading="lazy" class="gnb-menu-item__icon" alt="다시 구매" src="https://image10.coupangcdn.com/image/coupang/common/fbi_icon_3x.png"><span>다시 구매</span><i class="in in-exposure" data-new-tag-exposure-mills="2592000000"></i></a></li><li class="gnb-menu-item"><a href="https://login.coupang.com/corporation/member/landing-page" class="" data-log="{ id:'gnb_menu_item_GNB_V2', param:{sectionId:'businessmall_landing'} }"><img loading="lazy" class="gnb-menu-item__icon" alt="쿠팡비즈" src="https://image6.coupangcdn.com/image/coupang/home/icons/web/kr/biz.png"><span>쿠팡비즈</span></a></li><li class="gnb-menu-item"><a href="https://www.coupang.com/np/coupangglobal" class="" data-log="{ id:'gnb_menu_item_GNB_V2', param:{sectionId:'coupangglobal'} }"><img loading="lazy" class="gnb-menu-item__icon" alt="로켓직구" src="https://image10.coupangcdn.com/image/coupang/home/icons/web/kr/oversea-delivery.png"><span>로켓직구</span></a></li><li class="gnb-menu-item"><a href="https://pages.coupang.com/p/121237?sourceType=gm_crm_goldbox&amp;subSourceType=gm_crm_gwsrtcut" class="" data-log="{ id:'gnb_menu_item_GNB_V2', param:{sectionId:'gold_box'} }"><img loading="lazy" class="gnb-menu-item__icon" alt="골드박스" src="https://image8.coupangcdn.com/image/coupang/home/icons/web/kr/gold-box.png"><span>골드박스</span></a></li><li class="gnb-menu-item"><a href="https://pages.coupang.com/p/136938" class="" data-log="{ id:'gnb_menu_item_GNB_V2', param:{sectionId:'NEW_ITEM'} }"><img loading="lazy" class="gnb-menu-item__icon" alt="이달의신상" src="https://image8.coupangcdn.com/image/coupang/home/icons/web/kr/new-item-of-month.png"><span>이달의신상</span></a></li><li class="gnb-menu-item"><a href="https://www.coupang.com/np/omp" class="" data-log="{ id:'gnb_menu_item_GNB_V2', param:{sectionId:'OMP'} }"><img loading="lazy" class="gnb-menu-item__icon" alt="판매자특가" src="https://image7.coupangcdn.com/image/coupang/home/icons/web/kr/omp.png"><span>판매자특가</span></a></li><li class="gnb-menu-item"><a href="https://www.coupang.com/np/campaigns/83" class="" data-log="{ id:'gnb_menu_item_GNB_V2', param:{sectionId:'subscription'} }"><img loading="lazy" class="gnb-menu-item__icon" alt="와우회원할인" src="https://image6.coupangcdn.com/image/coupang/home/icons/web/kr/wow.png"><span>와우회원할인</span></a></li><li class="gnb-menu-item"><a href="https://www.coupang.com/np/coupangbenefit" class="" data-log="{ id:'gnb_menu_item_GNB_V2', param:{sectionId:'coupangbenefit'} }"><img loading="lazy" class="gnb-menu-item__icon" alt="이벤트/쿠폰" src="https://image8.coupangcdn.com/image/coupang/home/icons/web/kr/benefit.png"><span>이벤트/쿠폰</span></a></li><li class="gnb-menu-item"><a href="https://pages.coupang.com/p/54908" class="" data-log="{ id:'gnb_menu_item_GNB_V2', param:{sectionId:'WAREHOUSE'} }"><img loading="lazy" class="gnb-menu-item__icon" alt="반품마켓" src="https://image7.coupangcdn.com/image/coupang/home/icons/web/kr/returned-market.png"><span>반품마켓</span></a></li><li class="gnb-menu-item"><a href="https://pages.coupang.com/p/63240" class="" data-log="{ id:'gnb_menu_item_GNB_V2', param:{sectionId:'GOOD_MARKET'} }"><img loading="lazy" class="gnb-menu-item__icon" alt="착한상점" src="https://image6.coupangcdn.com/image/coupang/home/icons/web/kr/sustainable-market.png"><span>착한상점</span><i class="in " data-new-tag-exposure-mills="0"></i></a></li><li class="gnb-menu-item"><a href="https://pages.coupang.com/p/bep?sourceType=gm_crm_oms&amp;subSourceType=gm_crm_gwsrtcut" class="" data-log="{ id:'gnb_menu_item_GNB_V2', param:{sectionId:'exhibition'} }"><img loading="lazy" class="gnb-menu-item__icon" alt="기획전" src="https://image6.coupangcdn.com/image/coupang/home/icons/web/kr/event.png"><span>기획전</span></a></li><li class="gnb-menu-item"><a href="https://trip.coupang.com/?channel=gnb" class="" data-log="{ id:'gnb_menu_item_GNB_V2', param:{sectionId:'TRAVEL'} }"><img loading="lazy" class="gnb-menu-item__icon" alt="쿠팡트래블" src="https://image6.coupangcdn.com/image/coupang/home/icons/web/kr/travel.png"><span>쿠팡트래블</span><i class="in " data-new-tag-exposure-mills="0"></i></a></li><li class="gnb-menu-item"><a href="https://wing.coupang.com/tenants/vendor-signup/signup?utm_source=button_pc_coupang_shortcut_1&amp;utm_medium=non_paid&amp;utm_id=onsite_ca&amp;utm_content=202411" class="" data-log="{ id:'gnb_menu_item_GNB_V2', param:{sectionId:'SELL_ON_COUPANG'} }"><img loading="lazy" class="gnb-menu-item__icon" alt="입점신청" src="https://image8.coupangcdn.com/image/coupang/home/icons/web/kr/sell-on-coupang.png"><span>입점신청</span></a></li></ul></div><a class="gnb-menu-btn gnb-menu-btn-right gnb-menu-btn-active" tabindex="0" style="display: flex;"><span></span></a></div></div></div></div><div class="fw-relative"><article id="wa-sidebar" style="z-index:9900" class="fw-absolute fw-hidden "><ul class="promotion-banner"><li><a href="https://www.coupang.com/np/campaigns/1440"><img loading="lazy" src="https://image7.coupangcdn.com/image/displayitem/displayitem_8ad9b5e0-fd76-407b-b820-6494f03ffc31.jpg" width="102" height="150" alt=""></a></li><li><a href="https://pages.coupang.com/p/152271"><img loading="lazy" src="https://image10.coupangcdn.com/image/displayitem/displayitem_d8d71db1-0d9a-4e0b-a9ae-b9c760fd5ebc.jpg" width="102" height="150" alt=""></a></li><li><a href="https://www.coupang.com/np/categories/510691"><img loading="lazy" src="https://image8.coupangcdn.com/image/displayitem/displayitem_eea963ab-9659-4fb7-87c4-36be5b82917a.png" width="102" height="150" alt=""></a></li><li><a href="https://pages.coupang.com/p/68594"><img loading="lazy" src="https://image9.coupangcdn.com/image/displayitem/displayitem_ad84783d-4811-49c6-99e8-79a1085b0d8b.png" width="102" height="150" alt=""></a></li><li><a href="https://wing.coupang.com/tenants/vendor-signup/signup?utm_source=button_pc_coupang_web_rignt_wing&amp;utm_medium=non_paid&amp;utm_id=onsite_ca&amp;utm_content=20240516"><img loading="lazy" src="https://image8.coupangcdn.com/image/displayitem/displayitem_92caf13f-61ae-4634-83c5-124d84633848.png" width="102" height="150" alt=""></a></li></ul><section id="wa-recent-view" data-fodium="//reco.coupang.com"><div class="side-cart"><a href="//cart.coupang.com/cartView.pang" data-log="{&quot;logCategory&quot;:&quot;event&quot;, &quot;logType&quot;:&quot;click&quot;, &quot;logLabel&quot;:&quot;cart&quot;,&quot;grp&quot;:&quot;sideBar&quot;}"><span class="fw-inline-block fw-text-[11px] fw-leading-[13px]">장바구니</span><em class="cart-count">0</em></a></div><div class="recently-viewed-products"><span class="fw-inline-block fw-text-[11px] fw-leading-[13px]">최근본상품</span><em class="total-element">0</em></div><div class="recently-viewed-list"><ul class="recently-viewed-page" style="display: block;"><li class="no-item">최근본 상품이<br>없습니다.</li></ul><p class="recent-viewed-paging" style="display: none;"><span class="counter"><strong class="pageNumber"></strong>/<em class="total-pages"></em></span><span class="recentlyViewedBtn"><a href="이전 페이지 보기" class="move prev">prev</a><a href="다음 페이지 보기" class="move next">next</a></span></p></div></section></article></div><div id="wa-goto-top" style="z-index: 9950; position: fixed;" class="show"><button class="goto-top__button"><i class="goto-top__arrow"></i></button></div><div id="wa-banners"></div></div><script>
          
          window['__weblog_args__']={"pageName":"sdp","domain":"sdp"};
          window['__jslog_args__']={"applicationId":"sdp_next","domain":"sdp_next","pageName":"sdp","instanceId":"primary-green-557c6f74ff-g7d7b"};
          </script><style>
            body {
              --adjust-font-size: 0px;
            }
          </style><div class="sdp-content twc-m-auto twc-min-w-[320px] twc-max-w-[1500px] twc-px-[16px] md:twc-px-[20px] max-[600px]:twc-pb-[58px] twc-border-t-[1px] twc-border-[#dfe3e8]"><ul class="breadcrumb twc-flex twc-items-center twc-text-[12px] twc-flex-wrap"><li class="twc-flex twc-items-center twc-pb-[16px] twc-pt-[12px]"><a href="https://www.coupang.com" class="hover:twc-text-[#008cff] hover:twc-underline">쿠팡 홈</a><svg class="breadcrumb-arrow-icon twc-mx-[4px]" width="12" height="13" viewBox="0 0 12 13" fill="none" xmlns="http://www.w3.org/2000/svg"><path d="M3.8859 2.15732C4.0606 1.9717 4.34367 1.94925 4.54434 2.09575L4.59268 2.1359L8.84268 6.1359C9.03746 6.31922 9.05137 6.61975 8.88442 6.81982L8.84268 6.8641L4.59268 10.8641C4.3916 11.0534 4.07516 11.0438 3.8859 10.8427C3.7112 10.6571 3.70593 10.3732 3.86432 10.1817L3.90732 10.1359L7.77 6.50001L3.90732 2.8641C3.7217 2.6894 3.69925 2.40634 3.84575 2.20566L3.8859 2.15732Z" fill="#AAB5C0"></path></svg></li><li class="twc-flex twc-items-center twc-pb-[16px] twc-pt-[12px]"><a class="hover:twc-text-[#008cff] hover:twc-underline" title="쿠팡수입" href="https://www.coupang.com/np/categories/510691?eventCategory=breadcrumb">쿠팡수입</a><svg class="breadcrumb-arrow-icon twc-mx-[4px]" width="12" height="13" viewBox="0 0 12 13" fill="none" xmlns="http://www.w3.org/2000/svg"><path d="M3.8859 2.15732C4.0606 1.9717 4.34367 1.94925 4.54434 2.09575L4.59268 2.1359L8.84268 6.1359C9.03746 6.31922 9.05137 6.61975 8.88442 6.81982L8.84268 6.8641L4.59268 10.8641C4.3916 11.0534 4.07516 11.0438 3.8859 10.8427C3.7112 10.6571 3.70593 10.3732 3.86432 10.1817L3.90732 10.1359L7.77 6.50001L3.90732 2.8641C3.7217 2.6894 3.69925 2.40634 3.84575 2.20566L3.8859 2.15732Z" fill="#AAB5C0"></path></svg></li><li class="twc-flex twc-items-center twc-pb-[16px] twc-pt-[12px]"><a class="hover:twc-text-[#008cff] hover:twc-underline" title="식품" href="https://www.coupang.com/np/categories/519619?eventCategory=breadcrumb">식품</a><svg class="breadcrumb-arrow-icon twc-mx-[4px]" width="12" height="13" viewBox="0 0 12 13" fill="none" xmlns="http://www.w3.org/2000/svg"><path d="M3.8859 2.15732C4.0606 1.9717 4.34367 1.94925 4.54434 2.09575L4.59268 2.1359L8.84268 6.1359C9.03746 6.31922 9.05137 6.61975 8.88442 6.81982L8.84268 6.8641L4.59268 10.8641C4.3916 11.0534 4.07516 11.0438 3.8859 10.8427C3.7112 10.6571 3.70593 10.3732 3.86432 10.1817L3.90732 10.1359L7.77 6.50001L3.90732 2.8641C3.7217 2.6894 3.69925 2.40634 3.84575 2.20566L3.8859 2.15732Z" fill="#AAB5C0"></path></svg></li><li class="twc-flex twc-items-center twc-pb-[16px] twc-pt-[12px]"><a class="hover:twc-text-[#008cff] hover:twc-underline" title="과자/초콜릿/시리얼" href="https://www.coupang.com/np/categories/519782?eventCategory=breadcrumb">과자/초콜릿/시리얼</a><svg class="breadcrumb-arrow-icon twc-mx-[4px]" width="12" height="13" viewBox="0 0 12 13" fill="none" xmlns="http://www.w3.org/2000/svg"><path d="M3.8859 2.15732C4.0606 1.9717 4.34367 1.94925 4.54434 2.09575L4.59268 2.1359L8.84268 6.1359C9.03746 6.31922 9.05137 6.61975 8.88442 6.81982L8.84268 6.8641L4.59268 10.8641C4.3916 11.0534 4.07516 11.0438 3.8859 10.8427C3.7112 10.6571 3.70593 10.3732 3.86432 10.1817L3.90732 10.1359L7.77 6.50001L3.90732 2.8641C3.7217 2.6894 3.69925 2.40634 3.84575 2.20566L3.8859 2.15732Z" fill="#AAB5C0"></path></svg></li><li class="twc-flex twc-items-center twc-pb-[16px] twc-pt-[12px]"><a class="hover:twc-text-[#008cff] hover:twc-underline" title="사탕/껌" href="https://www.coupang.com/np/categories/519809?eventCategory=breadcrumb">사탕/껌</a><svg class="breadcrumb-arrow-icon twc-mx-[4px]" width="12" height="13" viewBox="0 0 12 13" fill="none" xmlns="http://www.w3.org/2000/svg"><path d="M3.8859 2.15732C4.0606 1.9717 4.34367 1.94925 4.54434 2.09575L4.59268 2.1359L8.84268 6.1359C9.03746 6.31922 9.05137 6.61975 8.88442 6.81982L8.84268 6.8641L4.59268 10.8641C4.3916 11.0534 4.07516 11.0438 3.8859 10.8427C3.7112 10.6571 3.70593 10.3732 3.86432 10.1817L3.90732 10.1359L7.77 6.50001L3.90732 2.8641C3.7217 2.6894 3.69925 2.40634 3.84575 2.20566L3.8859 2.15732Z" fill="#AAB5C0"></path></svg></li><li class="twc-flex twc-items-center twc-pb-[16px] twc-pt-[12px]"><a class="hover:twc-text-[#008cff] hover:twc-underline" title="사탕" href="https://www.coupang.com/np/categories/519810?eventCategory=breadcrumb">사탕</a></li></ul><div class="twc-flex twc-max-w-full"><main class="twc-flex-1 twc-max-w-full xl:twc-w-[calc(100%-165px)]"><div class="prod-atf twc-block md:twc-flex twc-relative"><div class="prod-atf-loading twc-hidden"><div class="prod-atf-loading__bg"></div><div class="prod-atf-loading__spinner"></div></div><div id="sdp-ad-middle-banner-sm-position"></div><div class="product-image  twc-flex-1 md:twc-flex"><div class="twc-w-[70px] twc-relative"><ul class="twc-static"><li class="twc-relative twc-mb-[4px] twc-h-[70px] twc-w-[70px] twc-cursor-pointer twc-rounded-[2px]"><img class="twc-w-[70px]" loading="lazy" alt="" src="//thumbnail.coupangcdn.com/thumbnails/remote/48x48ex/image/vendor_inventory/844f/9f3832c7ce09599e368fad42b2f4ca5178c971284aa14bc8fed931590a6e.jpg"><i class="twc-absolute twc-bottom-0 twc-left-0 twc-right-0 twc-top-0 twc-border-[2px] twc-border-[#346aff]"></i></li><li class="twc-relative twc-mb-[4px] twc-h-[70px] twc-w-[70px] twc-cursor-pointer twc-rounded-[2px]"><img class="twc-w-[70px]" loading="lazy" alt="" src="//thumbnail.coupangcdn.com/thumbnails/remote/48x48ex/image/vendor_inventory/17ea/88d9bf30bab366466db56d4a4bc1dc75fd5d660b7d7947a03506673be3eb.jpg"><i class="twc-absolute twc-bottom-0 twc-left-0 twc-right-0 twc-top-0"></i></li><li class="twc-relative twc-mb-[4px] twc-h-[70px] twc-w-[70px] twc-cursor-pointer twc-rounded-[2px]"><img class="twc-w-[70px]" loading="lazy" alt="" src="//thumbnail.coupangcdn.com/thumbnails/remote/48x48ex/image/vendor_inventory/ee00/d20a87e5594dea9c043e5ee7dd08390aa5d09e8d5c253694e0f55143531f.jpg"><i class="twc-absolute twc-bottom-0 twc-left-0 twc-right-0 twc-top-0"></i></li><li class="twc-relative twc-mb-[4px] twc-h-[70px] twc-w-[70px] twc-cursor-pointer twc-rounded-[2px]"><img class="twc-w-[70px]" loading="lazy" alt="" src="//thumbnail.coupangcdn.com/thumbnails/remote/48x48ex/image/vendor_inventory/6da3/9a41c64766cebddb742efc35eefb38c5af78ad29a55d36ea42f16b2be1a7.jpg"><i class="twc-absolute twc-bottom-0 twc-left-0 twc-right-0 twc-top-0"></i></li></ul></div><div class="twc-relative twc-flex-1 md:twc-mx-[16px] "><div class="twc-relative twc-overflow-visible" style="width:100%"><img src="//thumbnail.coupangcdn.com/thumbnails/remote/492x492ex/image/vendor_inventory/844f/9f3832c7ce09599e368fad42b2f4ca5178c971284aa14bc8fed931590a6e.jpg" alt="Product image" draggable="false" class="twc-w-full twc-max-h-[546px]" loading="lazy" data-load-time-start="968.1999999880791" data-load-time-end="1002.0999999940395" data-load-time="1002.0999999940395"></div></div></div><div class="prod-atf-contents twc-relative twc-flex-1 twc-min-w-0"><div class="product-buy-header"><div id="sdp-ad-middle-banner-md-position"></div><div class="top-badge twc-relative twc-leading-[0] max-md:twc-mb-[10px]"><div class="twc-flex twc-items-center twc-gap-[4px]"><div class="twc-absolute twc-h-4 twc-w-10 twc-opacity-0 twc-pointer-events-none"></div></div></div><div class="twc-flex twc-justify-between twc-items-start"><div><h1 class="product-title twc-text-lg twc-text-black"><span class="twc-font-bold">한미약품 추억의 텐텐 딸기맛 츄어블 멀티비타민 어린이영양제 딸기맛 40g 80정 1박스, 0.032g, 1개</span></h1><div class="country-of-origin">원산지: 상품 상세페이지 참조</div><div class="review-atf twc-pb-[2px] twc-pt-[4px]"><span class="twc-overflow-hidden twc-text-[12px] twc-text-[#0073e9]" id="prod-buy-header__productreview"><a href="#sdpReview" class="twc-flex twc-items-center" id="prod-review-nav-link"><span class="rating-star-container twc-block twc-h-[14px] twc-w-[70px] twc-bg-[length:14px] twc-bg-repeat-x"><span style="width:100%;max-width:100%" class="rating-star-num twc-block twc-h-[100%] twc-bg-[length:14px] twc-bg-repeat-x"></span></span><span class="rating-count-txt twc-text-[12px] lg:twc-text-[14px]">4,582<!-- --> <!-- -->개 상품평</span></a></span></div></div><div class="twc-flex twc-items-center"><div class="wish twc-flex twc-align-center twc-justify-start twc-ml-[16px] wish-and-share"><button class="twc-relative twc-flex twc-h-[38px] twc-w-[38px] twc-items-center twc-justify-center"><svg width="20" height="20" viewBox="0 0 24 24" fill="none" xmlns="http://www.w3.org/2000/svg"><path fill-rule="evenodd" clip-rule="evenodd" d="M12.174 4.43124C13.4923 2.68731 15.0031 1.70166 16.9982 1.52692L17.2732 1.50812C18.8998 1.42763 20.5664 1.94772 21.7255 2.97238C23.1953 4.27167 24 6.252 24 8.31785C24 12.688 20.8931 16.8316 12.5507 22.3348C12.2166 22.5552 11.7834 22.5552 11.4493 22.3348C3.10692 16.8316 0 12.688 0 8.31785C0 6.252 0.80471 4.27167 2.27453 2.97238C3.43363 1.94772 5.10025 1.42763 6.72677 1.50812C8.8591 1.61362 10.4478 2.60804 11.826 4.43124L12 4.66712L12.174 4.43124ZM20.4008 4.47083C19.6531 3.80978 18.4997 3.44987 17.3721 3.50568C15.5061 3.598 14.1913 4.71228 12.8675 7.02107C12.4833 7.69117 11.5167 7.69117 11.1325 7.02107C9.80866 4.71228 8.49392 3.598 6.62792 3.50568C5.50027 3.44987 4.34694 3.80978 3.59916 4.47083C2.58082 5.37102 2 6.80038 2 8.31785C2 11.755 4.52788 15.2449 11.7579 20.1359L11.999 20.2981L12.6249 19.8752C19.4355 15.2067 21.9098 11.8187 21.9976 8.50204L22 8.31785C22 6.80038 21.4192 5.37102 20.4008 4.47083Z" fill="#454F5B"></path></svg></button><button class="twc-relative twc-flex twc-h-[38px] twc-w-[38px] twc-items-center twc-justify-center"><svg width="20" height="20" viewBox="0 0 24 24" fill="none" xmlns="http://www.w3.org/2000/svg"><path fill-rule="evenodd" clip-rule="evenodd" d="M22 4C22 5.933 20.433 7.5 18.5 7.5C17.604 7.5 16.7866 7.16332 16.1675 6.60956L8.88141 11.0933C8.95876 11.3825 9 11.6864 9 12C9 12.3136 8.95876 12.6175 8.88142 12.9067L16.1675 17.3904C16.7866 16.8367 17.604 16.5 18.5 16.5C20.433 16.5 22 18.067 22 20C22 21.933 20.433 23.5 18.5 23.5C16.567 23.5 15 21.933 15 20C15 19.6864 15.0412 19.3825 15.1186 19.0933L7.83249 14.6096C7.21338 15.1633 6.39601 15.5 5.5 15.5C3.567 15.5 2 13.933 2 12C2 10.067 3.567 8.50002 5.5 8.50002C6.396 8.50002 7.21337 8.83671 7.83248 9.39047L15.1186 4.90671C15.0412 4.61753 15 4.31358 15 4C15 2.067 16.567 0.5 18.5 0.5C20.433 0.5 22 2.067 22 4Z" fill="#454F5B"></path></svg></button></div></div></div></div><div class="price-container twc-relative  false"><div class="original-price  twc-flex twc-flex-wrap twc-items-center"><div><div style="order:0;margin-right:3px;color:#212b36">36<!-- -->%</div></div><div class="price-amount original-price-amount" style="order:1;text-decoration:line-through;color:#768695">30,000원</div><div></div><div class="price-policies undefined"><span class="question-mark twc-opacity-50 hover:twc-opacity-80 twc-inline-block twc-cursor-pointer  twc-ml-[4px]" style="width:14px;height:14px"><svg xmlns="http://www.w3.org/2000/svg" width="14" height="14" viewBox="0 0 14 15" fill="none"><path fill-rule="evenodd" clip-rule="evenodd" d="M0 7.5C0 3.63401 3.13402 0.5 7 0.5C10.866 0.5 14 3.634 14 7.5C14 11.366 10.866 14.5 7 14.5C3.13402 14.5 0 11.366 0 7.5ZM12.8327 7.49984C12.8327 4.27817 10.221 1.6665 6.99935 1.6665C3.7777 1.6665 1.16602 4.27818 1.16602 7.49984C1.16602 10.7215 3.7777 13.3332 6.99935 13.3332C10.221 13.3332 12.8327 10.7215 12.8327 7.49984ZM5.97852 4.14583C5.97852 3.58204 6.43556 3.125 6.99935 3.125C7.56314 3.125 8.02018 3.58204 8.02018 4.14583C8.02018 4.70962 7.56314 5.16667 6.99935 5.16667C6.43556 5.16667 5.97852 4.70962 5.97852 4.14583ZM7.88467 7.12423C7.84227 6.68051 7.46849 6.3335 7.01367 6.3335C6.53042 6.3335 6.13867 6.72525 6.13867 7.2085V11.0002L6.14268 11.0844C6.18508 11.5281 6.55885 11.8752 7.01367 11.8752C7.49692 11.8752 7.88867 11.4834 7.88867 11.0002V7.2085L7.88467 7.12423Z" fill="#000"></path></svg></span></div></div><div class="sales-price  twc-flex twc-items-center twc-flex-wrap"><div class="price-amount sales-price-amount !twc-leading-[24px]"></div><div></div><div class="sales-price-title"></div></div><div class="final-price  twc-flex twc-items-center twc-flex-wrap"><div class="price-amount final-price-amount !twc-leading-[24px]">19,020원</div><div><div class="final-unit-price">(10g당 5,943,750원)</div></div><div class="final-price-title"></div></div></div><div class="option-table-v2"><div class="toggle-header"><div class="toggle-header__title">더 많은 옵션 보기</div></div><div class="tab-selector-container"><div class="tab-selector tab-selector--TAB_IMAGE"><div class="tab-selector__tab-header "><span class="tab-selector__header-title">개당 중량 × 수량: </span><span class="tab-selector__header-value">0.032g × 1개</span></div><div class="tab-selector__tabbar"><div class="tab-selector__tab-list" style="opacity: 1; left: 0px;"><div class="tab-selector__tab tab-selector__tab--selected  "><div class="tab-selector__tab-image-container"><img class="tab-selector__tab-image" src="//thumbnail7.coupangcdn.com/thumbnails/remote/164x164ex/image/vendor_inventory/844f/9f3832c7ce09599e368fad42b2f4ca5178c971284aa14bc8fed931590a6e.jpg" alt="0.032g" loading="lazy"></div><div class="tab-selector__tab-image-title-container"><div class="tab-selector__tab-image-title">0.032g</div></div></div><div class="tab-selector__tab   "><div class="tab-selector__tab-image-container"><img class="tab-selector__tab-image" src="//thumbnail8.coupangcdn.com/thumbnails/remote/164x164ex/image/vendor_inventory/3fca/d29a6939076afcf00185ec5c500aa9453476c672a6c92b9778ca10f0189e.png" alt="40g" loading="lazy"></div><div class="tab-selector__tab-image-title-container"><div class="tab-selector__tab-image-title">40g</div></div></div><div class="tab-selector__tab   "><div class="tab-selector__tab-image-container"><img class="tab-selector__tab-image" src="//thumbnail9.coupangcdn.com/thumbnails/remote/164x164ex/image/vendor_inventory/b547/1ec17b477c8fc5c367a9949c95493b2b139278d4c14faa72171e55666a3d.jpg" alt="120g" loading="lazy"></div><div class="tab-selector__tab-image-title-container"><div class="tab-selector__tab-image-title">120g</div></div></div><div class="tab-selector__tab   "><div class="tab-selector__tab-image-container"><img class="tab-selector__tab-image" src="//thumbnail10.coupangcdn.com/thumbnails/remote/164x164ex/image/vendor_inventory/e1bf/efd3c9991e90a771d56139fe0a0819175bbb69e48369bec3488f5f606f02.jpeg" alt="320g" loading="lazy"></div><div class="tab-selector__tab-image-title-container"><div class="tab-selector__tab-image-title">320g</div></div></div></div></div></div></div><div class="option-table-list"><div class="option-table-list__options option-table-list__options--SHORT_ATTR"><div class="option-table-list__option option-table-list__option--selected  "><div class="option-table-list__option-radio"></div><div class="option-table-list__option-name">1개</div><div class="option-table-list__option-info"><div class="option-table-list__option-price">19,020원</div><div class="option-table-list__option-unit-price">10g당 5,943,750원<span class="option-table-list__option-unit-price-label">(최저 단위가)</span></div></div></div></div><div class="option-table-list__see-all-btn"><span>모든 옵션 보기</span><img class="option-table-list__see-all-btn-icon" src="//img1a.coupangcdn.com/image/sdp/option-table/icon_tabs_btn-right.png" alt="" loading="lazy"></div></div></div><div class="delivery-container "><div> <div class="regular-shipping-fee-container twc-flex twc-items-center"><div class="regular-shipping-fee-inner"><div><div class="twc-flex twc-items-center"><span class="shipping-fee-desc" translate="yes"><em class="prod-txt-bold">무료배송</em></span><span class="" translate="yes"></span></div></div></div></div><div class="regular-pdd-container twc-flex twc-items-center twc-flex-wrap"><span class=""><span class="" translate="yes"><em class="prod-txt-onyx prod-txt-font-14">모레(금) 9/26</em><em class="prod-txt-onyx"> 도착 예정</em></span></span></div></div></div><div class="seller-info twc-pt-[14px] twc-pb-[14px] twc-border-t-[1px] twc-border-[#EEEEEE] twc-text-[12px]"><div class="twc-flex twc-flex-row twc-justify-start twc-items-center twc-flex-wrap">판매자:<a class="twc-flex twc-justify-start twc-items-center twc-mx-[3px] twc-text-[#346aff]" href="https://shop.coupang.com/vid/A00498353?source=brandstore_sdp_atf&amp;pid=6304732510&amp;viid=83726045018&amp;ocid=5174380&amp;platform=p">주식회사 신세계메디팜<div class="twc-h-[22px] twc-rounded-[2px] twc-px-[5px] twc-ml-[8px] twc-text-[12px]/[22px] twc-border-[1px] twc-border-[#346aff] twc-border-solid twc-relative before:twc-content-[''] before:twc-absolute before:twc-top-[7px] before:twc-left-[-4px] before:twc-inline-block before:twc-w-[6px] before:twc-h-[6px] before:twc-border-[#346aff] before:twc-border-l-[1px] before:twc-border-b-[1px] before:twc-border-solid before:twc-rotate-[45deg] before:twc-z-50 before:twc-bg-[#fff]">판매자 상품 보러가기</div></a></div><div class="twc-flex twc-items-center twc-justify-start twc-font-[400] twc-text-[12px] twc-leading-[14px] twc-text-[#111] twc-mt-[6px] twc-pb-[16px] twc-mb-[18px] twc-border-b-[#eee] twc-border-b twc-mb-[6px]"><span class="twc-mr-[8px]">판매자 평가</span><img class="twc-w-[14px] twc-h-[12px]" src="https://image.coupangcdn.com/image/mobile_app/v3/badges/thumbs_up/xxhdpi/ic_thumbsup_outline_black_buybox.png" alt="icon" loading="lazy"><span class="twc-ml-[4px] twc-text-[#0b0b0b] twc-font-[600] twc-text-[12px] twc-leading-[14px]">95%</span><span class="twc-ml-[3px] ">(<!-- -->563<!-- -->)</span><div class="twc-relative twc-ml-[4px] twc-opacity-[0.7] twc-cursor-pointer"><svg width="14" height="14" viewBox="0 0 14 14" version="1.1" xmlns="http://www.w3.org/2000/svg"><g stroke="none" stroke-width="1" fill="none" fill-rule="evenodd"><g transform="translate(-1047.000000, -308.000000)"><g transform="translate(731.000000, 305.000000)"><g transform="translate(316.000000, 3.000000)"><g><path d="M7,13.4166667 C10.5438271,13.4166667 13.4166667,10.5438271 13.4166667,7 C13.4166667,3.45617286 10.5438271,0.583333333 7,0.583333333 C3.45617286,0.583333333 0.583333333,3.45617286 0.583333333,7 C0.583333333,10.5438271 3.45617286,13.4166667 7,13.4166667 Z M7,14 C3.13400675,14 0,10.8659932 0,7 C0,3.13400675 3.13400675,0 7,0 C10.8659932,0 14,3.13400675 14,7 C14,10.8659932 10.8659932,14 7,14 Z" fill="#333333" fill-rule="nonzero"></path><path d="M6.41666667,5.83333333 L7.58333333,5.83333333 L7.58333333,10.1111111 L8.75,10.5 L5.25,10.5 L6.41666667,10.1111111 L6.41666667,6.3 L5.25,5.83333333 L6.41666667,5.83333333 Z M6.85416667,4.95833333 C6.45145904,4.95833333 6.125,4.6318743 6.125,4.22916667 C6.125,3.82645904 6.45145904,3.5 6.85416667,3.5 C7.2568743,3.5 7.58333333,3.82645904 7.58333333,4.22916667 C7.58333333,4.6318743 7.2568743,4.95833333 6.85416667,4.95833333 Z" fill="#111111"></path></g></g></g></g></g></svg></div></div><div class="twc-pt-[12px] ">배송사: <span class="twc-ml-[3px]">CJ 대한통운</span></div></div><div id="insuranceContainer" class=""></div><div class="twc-border-y twc-border-y-[#dfe3e8] conditional-benefits"><div class="twc-my-[16px] cashback-summary"><div class="twc-flex twc-gap-11"><div class="twc-font-bold twc-text-base twc-shrink-0">적립</div><div class="twc-flex twc-items-center twc-gap-2 twc-flex-wrap"><span>최대 951원</span><button type="button" aria-haspopup="dialog" aria-expanded="false" aria-controls="radix-«Rkpa59n7rlenb»" data-state="closed"><span class="twc-underline twc-cursor-pointer hover:twc-no-underline hover:twc-text-secondary-foreground">쿠팡캐시 적립</span></button><span>· <!-- -->쿠페이 머니 결제시</span></div><div class="twc-flex twc-items-center twc-ml-auto twc-text-secondary-foreground twc-cursor-pointer"><div class="twc-font-bold twc-whitespace-nowrap">혜택보기</div><svg xmlns="http://www.w3.org/2000/svg" width="15" height="15" viewBox="0 0 24 24" fill="none" stroke="currentColor" stroke-width="2" stroke-linecap="round" stroke-linejoin="round" class="lucide lucide-chevron-right"><path d="m9 18 6-6-6-6"></path></svg></div></div></div></div><div></div><div class="twc-flex twc-justify-center twc-items-center twc-pt-[12px] twc-mb-[16px] twc-text-[12px] twc-flex-wrap lg:twc-flex-nowrap max-md:twc-hidden"><strong class="twc-text-[13px] twc-font-[700] twc-text-[#212b36] twc-mr-[8px] twc-text-center  twc-basis-[100%] lg:twc-basis-[inherit] lg:.twc-text-left">PC에서도 간편한 결제</strong><div class="twc-flex twc-justify-start twc-items-center twc-mr-[10px]"><img class="twc-w-[15px] twc-mr-[3px]" src="https://image.coupangcdn.com/image/coupang/common/payment/coupaymoney_color@4x.png" alt="쿠페이머니" loading="lazy"><span>쿠페이머니</span></div><div class="twc-flex twc-justify-start twc-items-center twc-mr-[10px]"><img class="twc-w-[15px] twc-mr-[3px]" src="https://image.coupangcdn.com/image/coupang/common/payment/card_color@4x.png" alt="카드" loading="lazy"><span>카드</span></div><div class="twc-flex twc-justify-start twc-items-center twc-mr-[10px]"><img class="twc-w-[15px] twc-mr-[3px]" src="https://image.coupangcdn.com/image/coupang/common/payment/bankbook_color@4x.png" alt="계좌이체" loading="lazy"><span>계좌이체</span></div></div><div class="prod-buy-quantity-and-footer twc-flex twc-mt-[16px] min-[769px]:twc-items-center max-[600px]:twc-items-center min-[601px]:max-[768px]:twc-flex-col min-[601px]:max-[768px]:twc-mt-[12px]"><div class="product-quantity twc-relative twc-mr-[10px] twc-inline-block after:twc-hidden"><div class="max-[600px]:twc-hidden twc-border twc-border-[#ccc] twc-align-middle twc-inline-flex twc-items-center twc-justify-center max-[600px]:twc-rounded-[4px] max-[600px]:twc-border-[#919eab]"><input class="twc-text-center twc-text-[16px] twc-text-[#111] twc-font-bold twc-leading-[40px] twc-border-solid twc-border-r twc-border-r-[#eee] twc-bg-transparent twc-w-[61px] twc-h[40px] max-[600px]:twc-w-[78px] max-[600px]:twc-h-[30px] max-[600px]:twc-border-none" type="text" maxlength="6" autocomplete="off" value="1"><div class="twc-flex twc-flex-col"><button class="twc-relative twc-flex twc-items-center twc-justify-center twc-w-[20px] twc-h-[20px] twc-bg-transparent twc-text-[0] twc-leading-0 max-[600px]:twc-w-[30px] max-[600px]:twc-h-[30px] max-[600px]:twc-border-none twc-border-b twc-border-solid twc-border-b-[#ccc] twc-cursor-pointer" type="button">수량빼기<i class="twc-inline-block twc-w-[8px] twc-h-[4px] min-[601px]:twc-bg-[url(//img1a.coupangcdn.com/image/dragonstone/sdp/PCSDP_imageasset_171215-min.png)] min-[601px]:twc-no-repeat twc-bg-[-378px_-189px] icon-plus"></i></button><button class="twc-relative twc-flex twc-items-center twc-justify-center twc-w-[20px] twc-h-[20px] twc-bg-transparent twc-text-[0] twc-leading-0 max-[600px]:twc-w-[30px] max-[600px]:twc-h-[30px] max-[600px]:twc-border-none twc-flex twc-flex-col twc-cursor-default" type="button" disabled="">수량더하기<i class="twc-inline-block twc-w-[8px] twc-h-[4px] min-[601px]:twc-bg-[url(//img1a.coupangcdn.com/image/dragonstone/sdp/PCSDP_imageasset_171215-min.png)] min-[601px]:twc-no-repeat twc-bg-[-378px_-197px] icon-minus twc-bg-[-390px_-197px] icon-minus--disabled"></i></button></div></div><div class="min-[601px]:twc-hidden twc-border twc-border-[#ccc] twc-align-middle twc-inline-flex twc-items-center twc-justify-center max-[600px]:twc-rounded-[4px] max-[600px]:twc-border-[#919eab]"><button class="twc-relative twc-flex twc-items-center twc-justify-center twc-w-[20px] twc-h-[20px] twc-bg-transparent twc-text-[0] twc-leading-0 max-[600px]:twc-w-[30px] max-[600px]:twc-h-[30px] max-[600px]:twc-border-none twc-flex twc-flex-col twc-cursor-default" type="button" disabled="">수량더하기<i class="twc-inline-block twc-w-[8px] twc-h-[4px] min-[601px]:twc-bg-[url(//img1a.coupangcdn.com/image/dragonstone/sdp/PCSDP_imageasset_171215-min.png)] min-[601px]:twc-no-repeat twc-bg-[-378px_-197px] icon-minus twc-bg-[-390px_-197px] icon-minus--disabled"></i></button><input class="twc-text-center twc-text-[16px] twc-text-[#111] twc-font-bold twc-leading-[40px] twc-border-solid twc-border-r twc-border-r-[#eee] twc-bg-transparent twc-w-[61px] twc-h[40px] max-[600px]:twc-w-[78px] max-[600px]:twc-h-[30px] max-[600px]:twc-border-none" type="text" maxlength="6" autocomplete="off" value="1"><button class="twc-relative twc-flex twc-items-center twc-justify-center twc-w-[20px] twc-h-[20px] twc-bg-transparent twc-text-[0] twc-leading-0 max-[600px]:twc-w-[30px] max-[600px]:twc-h-[30px] max-[600px]:twc-border-none twc-border-b twc-border-solid twc-border-b-[#ccc] twc-cursor-pointer" type="button">수량빼기<i class="twc-inline-block twc-w-[8px] twc-h-[4px] min-[601px]:twc-bg-[url(//img1a.coupangcdn.com/image/dragonstone/sdp/PCSDP_imageasset_171215-min.png)] min-[601px]:twc-no-repeat twc-bg-[-378px_-189px] icon-plus"></i></button></div><div class="warning-popup twc-p-[12px] twc-w-[241px] twc-h-[50px] twc-text-[12px] twc-bg-[url(//img1a.coupangcdn.com/image/dragonstone/sdp/PCSDP_imageasset_171215-min.png)] twc-no-repeat twc-bg-[-217px_-120px] twc-absolute twc-right-[-80px] twc-bottom-full twc-z-[10] twc-text-center twc-text-[#ae0000] twc-opacity-0 twc-transition-all twc-duration-300 twc-hidden">선택 가능한 수량은 999개입니다.<i class="arrow-down"></i></div></div><div class="prod-buy-footer twc-flex-1 twc-fixed twc-px-[6px] twc-py-[10px] twc-bg-white twc-z-[9980] twc-bottom-0 twc-left-0 twc-right-0 md:twc-relative md:twc-px-0 md:twc-py-0 md:twc-z-0 min-[601px]:max-[768px]:twc-mt-[10px]"><div class="prod-onetime-order"><div class="button-box twc-flex"><button class="prod-cart-btn twc-flex-1 max-[600px]:twc-rounded-[4px]" data-gaclick="{&quot;hitType&quot;:&quot;event&quot;, &quot;eventCategory&quot;:&quot;addCartButton&quot;, &quot;eventAction&quot;:&quot;click&quot;, &quot;eventLabel&quot;:&quot;optionBarButton&quot;, &quot;eventValue&quot;:0}">장바구니 담기</button><button class="prod-buy-btn twc-flex-1 max-[600px]:twc-rounded-[4px]"><span class="prod-buy-btn__txt">바로구매</span></button></div></div></div></div><div class="product-description twc-pt-[16px] twc-mb-[16px]"><ul class="twc-ml-[16px]"><li class="twc-list-disc twc-list-outside twc-text-[calc(var(--adjust-font-size)+12px)]">건강식품 타입: 츄어블</li><li class="twc-list-disc twc-list-outside twc-text-[calc(var(--adjust-font-size)+12px)]">건강식품 사용대상: 어린이</li><li class="twc-list-disc twc-list-outside twc-text-[calc(var(--adjust-font-size)+12px)]">쿠팡상품번호: 6304732510 - 26208186094</li></ul></div></div></div><div class="product-btf-container twc-pt-[10px]"><div class="sdp-ads impression-log twc-mb-[40px] twc-pt-[35px]"><div class="recommendation"><div class="recommendation-header twc-relative"><div class="recommendation-header__title"> 함께 비교하면 좋을 상품 </div><span class="recommendation-header__description"><span class="twc-mt-[3px]"> 광고 </span><span class="question-mark twc-opacity-50 hover:twc-opacity-80 twc-inline-block twc-cursor-pointer  twc-ml-[4px]" style="width: 14px; height: 14px;"><svg xmlns="http://www.w3.org/2000/svg" width="14" height="14" viewBox="0 0 14 15" fill="none"><path fill-rule="evenodd" clip-rule="evenodd" d="M0 7.5C0 3.63401 3.13402 0.5 7 0.5C10.866 0.5 14 3.634 14 7.5C14 11.366 10.866 14.5 7 14.5C3.13402 14.5 0 11.366 0 7.5ZM12.8327 7.49984C12.8327 4.27817 10.221 1.6665 6.99935 1.6665C3.7777 1.6665 1.16602 4.27818 1.16602 7.49984C1.16602 10.7215 3.7777 13.3332 6.99935 13.3332C10.221 13.3332 12.8327 10.7215 12.8327 7.49984ZM5.97852 4.14583C5.97852 3.58204 6.43556 3.125 6.99935 3.125C7.56314 3.125 8.02018 3.58204 8.02018 4.14583C8.02018 4.70962 7.56314 5.16667 6.99935 5.16667C6.43556 5.16667 5.97852 4.70962 5.97852 4.14583ZM7.88467 7.12423C7.84227 6.68051 7.46849 6.3335 7.01367 6.3335C6.53042 6.3335 6.13867 6.72525 6.13867 7.2085V11.0002L6.14268 11.0844C6.18508 11.5281 6.55885 11.8752 7.01367 11.8752C7.49692 11.8752 7.88867 11.4834 7.88867 11.0002V7.2085L7.88467 7.12423Z" fill="#000"></path></svg></span></span><span class="recommendation-header__description-icon-tooltip twc-hidden">쿠팡으로부터 광고 서비스를 구매한 제휴업체의 판매상품입니다.</span></div><div class="ui-recommendation-list"><div class="rl-list"><ul class="carousel-list"><li class="rl-item hps-scroll-item"><a target="_blank" href="/vp/products/7977626480?itemId=25589704318&amp;searchId=feed-46d881ed65e1498ab0202c26097baf39-view_together_ads-P6304732510&amp;vendorItemId=91966734975&amp;sourceType=SDP_ADS&amp;clickEventId=8efaf720-990a-11f0-9a4c-076a86f93164" data-adsplatform="{&quot;viewImpression&quot;:&quot;https://mercury.coupang.com/e.gif?r=8efaf720-990a-11f0-9a4c-076a86f93164%7E2&quot;,&quot;impressionLogUri&quot;:&quot;https://mercury.coupang.com/e.gif?r=8efaf720-990a-11f0-9a4c-076a86f93164%7E1&quot;,&quot;eventId&quot;:&quot;8efaf720-990a-11f0-9a4c-076a86f93164&quot;,&quot;clickLogUri&quot;:&quot;https://mercury.coupang.com/e.gif?r=8efaf720-990a-11f0-9a4c-076a86f93164%7E3&quot;}" class="impression-logged view-logged"><div class="rl-item__image-wrap"><img class="rl-item__image" alt="" src="//thumbnail.coupangcdn.com/thumbnails/remote/300x300ex/image/vendor_inventory/8bc6/964c6b8eceeeb29b6949ecdac287b309bfe0258801526f1a9e1bc5ae7693.png"></div><strong class="rl-item__title">한미 텐텐맛 멀티비타민 100정, 1개, 200정</strong><div class="clearFix twc-flex twc-items-center"><span class="rl-item__price twc-mr-[4px]"><em> 31,060원 </em></span></div><div class="rl-item__unit-price">(1정당 155원)</div><div class="rl-item__review"><span class="rl-item__review-score-bg"><span class="rl-item__review-score" style="width: 100%;"><em>100%</em></span></span><span class="rl-item__review-count">(1,952)</span></div></a></li><li class="rl-item hps-scroll-item"><a target="_blank" href="/vp/products/8402488763?itemId=26260121826&amp;searchId=feed-46d881ed65e1498ab0202c26097baf39-view_together_ads-P6304732510&amp;vendorItemId=93238443431&amp;sourceType=SDP_ADS&amp;clickEventId=8efaf720-990a-11f0-8ed5-d60f2f3815e3" data-adsplatform="{&quot;viewImpression&quot;:&quot;https://mercury.coupang.com/e.gif?r=8efaf720-990a-11f0-8ed5-d60f2f3815e3%7E2&quot;,&quot;impressionLogUri&quot;:&quot;https://mercury.coupang.com/e.gif?r=8efaf720-990a-11f0-8ed5-d60f2f3815e3%7E1&quot;,&quot;eventId&quot;:&quot;8efaf720-990a-11f0-8ed5-d60f2f3815e3&quot;,&quot;clickLogUri&quot;:&quot;https://mercury.coupang.com/e.gif?r=8efaf720-990a-11f0-8ed5-d60f2f3815e3%7E3&quot;}" class="impression-logged view-logged"><div class="rl-item__image-wrap"><img class="rl-item__image" alt="" src="//thumbnail.coupangcdn.com/thumbnails/remote/300x300ex/image/vendor_inventory/8806/d748b80a62241f7d7cf3b97b30cda0361db5689629df6ecf5d9155308657.jpg"></div><strong class="rl-item__title">리미티드 에디션 TenTen 한미 추억의 미니 텐텐맛 츄정 8봉지 x 2박스, 80g, 1박스</strong><div class="clearFix twc-flex twc-items-center"><span class="rl-item__price twc-mr-[4px]"><em> 34,900원 </em></span></div><div class="rl-item__unit-price">(10g당 4,363원)</div><div class="rl-item__review"><span class="rl-item__review-score-bg"><span class="rl-item__review-score" style="width: 100%;"><em>100%</em></span></span><span class="rl-item__review-count">(74)</span></div></a></li><li class="rl-item hps-scroll-item"><a target="_blank" href="/vp/products/8320750015?itemId=24018254311&amp;searchId=feed-46d881ed65e1498ab0202c26097baf39-view_together_ads-P6304732510&amp;vendorItemId=87578055538&amp;sourceType=SDP_ADS&amp;clickEventId=8efb1e30-990a-11f0-a5ac-681994acc402" data-adsplatform="{&quot;viewImpression&quot;:&quot;https://mercury.coupang.com/e.gif?r=8efb1e30-990a-11f0-a5ac-681994acc402%7E2&quot;,&quot;impressionLogUri&quot;:&quot;https://mercury.coupang.com/e.gif?r=8efb1e30-990a-11f0-a5ac-681994acc402%7E1&quot;,&quot;eventId&quot;:&quot;8efb1e30-990a-11f0-a5ac-681994acc402&quot;,&quot;clickLogUri&quot;:&quot;https://mercury.coupang.com/e.gif?r=8efb1e30-990a-11f0-a5ac-681994acc402%7E3&quot;}" class="impression-logged view-logged"><div class="rl-item__image-wrap"><img class="rl-item__image" alt="" src="//thumbnail.coupangcdn.com/thumbnails/remote/300x300ex/image/vendor_inventory/087c/44c26fe9ad2f6879c1161b6b83c7ed75a9be817af3a0523b40d1bcfd73fb.jpg"></div><strong class="rl-item__title">한미 추억의 텐텐 츄정 8봉 80정 어린이 멀티비타민 키즈 종합비타민, 40g, 1박스</strong><div class="clearFix twc-flex twc-items-center"><span class="rl-item__price twc-mr-[4px]"><em> 23,900원 </em></span></div><img class="rl-item__badge" alt="" loading="lazy" src="https://image.coupangcdn.com/image/coupang/rds/logo/iphone_2x/logoRocketMerchantLargeV3R3@2x.png"><div class="rl-item__unit-price">(10g당 5,975원)</div><div class="rl-item__review"><span class="rl-item__review-score-bg"><span class="rl-item__review-score" style="width: 100%;"><em>100%</em></span></span><span class="rl-item__review-count">(92)</span></div></a></li><li class="rl-item hps-scroll-item"><a target="_blank" href="/vp/products/7358564054?itemId=18953070289&amp;searchId=feed-46d881ed65e1498ab0202c26097baf39-view_together_ads-P6304732510&amp;vendorItemId=86079253707&amp;sourceType=SDP_ADS&amp;clickEventId=8efb1e30-990a-11f0-9ba3-eed225fbc995" data-adsplatform="{&quot;viewImpression&quot;:&quot;https://mercury.coupang.com/e.gif?r=8efb1e30-990a-11f0-9ba3-eed225fbc995%7E2&quot;,&quot;impressionLogUri&quot;:&quot;https://mercury.coupang.com/e.gif?r=8efb1e30-990a-11f0-9ba3-eed225fbc995%7E1&quot;,&quot;eventId&quot;:&quot;8efb1e30-990a-11f0-9ba3-eed225fbc995&quot;,&quot;clickLogUri&quot;:&quot;https://mercury.coupang.com/e.gif?r=8efb1e30-990a-11f0-9ba3-eed225fbc995%7E3&quot;}" class="impression-logged view-logged"><div class="rl-item__image-wrap"><img class="rl-item__image" alt="" src="//thumbnail.coupangcdn.com/thumbnails/remote/300x300ex/image/vendor_inventory/087c/44c26fe9ad2f6879c1161b6b83c7ed75a9be817af3a0523b40d1bcfd73fb.jpg"></div><strong class="rl-item__title">추억의 텐텐 영양제 츄정 80정(10정x8봉)+쏠라씨 비타민C 30정 어린이 비타민 세트, 1세트, 20정</strong><div class="clearFix twc-flex twc-items-center"><span class="rl-item__price twc-mr-[4px]"><em> 23,990원 </em></span></div><img class="rl-item__badge" alt="" loading="lazy" src="https://image.coupangcdn.com/image/coupang/rds/logo/iphone_2x/logoRocketMerchantLargeV3R3@2x.png"><div class="rl-item__unit-price">(1정당 1,200원)</div><div class="rl-item__review"><span class="rl-item__review-score-bg"><span class="rl-item__review-score" style="width: 90%;"><em>90%</em></span></span><span class="rl-item__review-count">(32)</span></div></a></li><li class="rl-item hps-scroll-item"><a target="_blank" href="/vp/products/8644934712?itemId=25091435616&amp;searchId=feed-46d881ed65e1498ab0202c26097baf39-view_together_ads-P6304732510&amp;vendorItemId=88267695339&amp;sourceType=SDP_ADS&amp;clickEventId=8efb1e30-990a-11f0-bcb3-ba077c3759ee" data-adsplatform="{&quot;viewImpression&quot;:&quot;https://mercury.coupang.com/e.gif?r=8efb1e30-990a-11f0-bcb3-ba077c3759ee%7E2&quot;,&quot;impressionLogUri&quot;:&quot;https://mercury.coupang.com/e.gif?r=8efb1e30-990a-11f0-bcb3-ba077c3759ee%7E1&quot;,&quot;eventId&quot;:&quot;8efb1e30-990a-11f0-bcb3-ba077c3759ee&quot;,&quot;clickLogUri&quot;:&quot;https://mercury.coupang.com/e.gif?r=8efb1e30-990a-11f0-bcb3-ba077c3759ee%7E3&quot;}" class="impression-logged view-logged"><div class="rl-item__image-wrap"><img class="rl-item__image" alt="" src="//thumbnail.coupangcdn.com/thumbnails/remote/300x300ex/image/vendor_inventory/3d86/c02bc95af13be6a001325df6bbb908d4645c12d37f8f906be31146912310.jpg"></div><strong class="rl-item__title">추억의 텐텐 영양제 츄정 80정 + 쏠라씨 블루베리맛 30정 SET, 1개</strong><div class="clearFix twc-flex twc-items-center"><span class="rl-item__price twc-mr-[4px]"><em> 22,500원 </em></span></div><div class="rl-item__review"><span class="rl-item__review-score-bg"><span class="rl-item__review-score" style="width: 70%;"><em>70%</em></span></span><span class="rl-item__review-count">(3)</span></div></a></li><li class="rl-item hps-scroll-item"><a target="_blank" href="/vp/products/3325924?itemId=15519214&amp;searchId=feed-46d881ed65e1498ab0202c26097baf39-view_together_ads-P6304732510&amp;vendorItemId=3023342024&amp;sourceType=SDP_ADS&amp;clickEventId=8efb1e30-990a-11f0-a79b-f8e0106f8d55" data-adsplatform="{&quot;viewImpression&quot;:&quot;https://mercury.coupang.com/e.gif?r=8efb1e30-990a-11f0-a79b-f8e0106f8d55%7E2&quot;,&quot;impressionLogUri&quot;:&quot;https://mercury.coupang.com/e.gif?r=8efb1e30-990a-11f0-a79b-f8e0106f8d55%7E1&quot;,&quot;eventId&quot;:&quot;8efb1e30-990a-11f0-a79b-f8e0106f8d55&quot;,&quot;clickLogUri&quot;:&quot;https://mercury.coupang.com/e.gif?r=8efb1e30-990a-11f0-a79b-f8e0106f8d55%7E3&quot;}" class="impression-logged view-logged"><div class="rl-item__image-wrap"><img class="rl-item__image" alt="" src="//thumbnail.coupangcdn.com/thumbnails/remote/300x300ex/image/1025_amir_coupang_oct_80k/f72f/5b4c16ca14b5ad33c77ebdd3123c2954ec19fdbdd6b5e75dbee71e33fb5e.jpg"></div><strong class="rl-item__title">키움정, 240정, 1개</strong><div class="clearFix twc-flex twc-items-center"><span class="rl-item__price twc-mr-[4px]"><em> 53,000원 </em></span></div><img class="rl-item__badge" alt="" loading="lazy" src="https://image.coupangcdn.com/image/badges/rocket/rocket_logo.png"><div class="rl-item__unit-price">(1정당 221원)</div><div class="rl-item__review"><span class="rl-item__review-score-bg"><span class="rl-item__review-score" style="width: 90%;"><em>90%</em></span></span><span class="rl-item__review-count">(16,827)</span></div></a></li><li class="rl-item hps-scroll-item"><a target="_blank" href="/vp/products/1795723159?itemId=3054981632&amp;searchId=feed-46d881ed65e1498ab0202c26097baf39-view_together_ads-P6304732510&amp;vendorItemId=71042981905&amp;sourceType=SDP_ADS&amp;clickEventId=8efb1e30-990a-11f0-8a9b-430e1242a5ab" data-adsplatform="{&quot;viewImpression&quot;:&quot;https://mercury.coupang.com/e.gif?r=8efb1e30-990a-11f0-8a9b-430e1242a5ab%7E2&quot;,&quot;impressionLogUri&quot;:&quot;https://mercury.coupang.com/e.gif?r=8efb1e30-990a-11f0-8a9b-430e1242a5ab%7E1&quot;,&quot;eventId&quot;:&quot;8efb1e30-990a-11f0-8a9b-430e1242a5ab&quot;,&quot;clickLogUri&quot;:&quot;https://mercury.coupang.com/e.gif?r=8efb1e30-990a-11f0-8a9b-430e1242a5ab%7E3&quot;}" class="impression-logged view-logged"><div class="rl-item__image-wrap"><img class="rl-item__image" alt="" src="//thumbnail.coupangcdn.com/thumbnails/remote/300x300ex/image/1025_amir_coupang_oct_80k/f72f/5b4c16ca14b5ad33c77ebdd3123c2954ec19fdbdd6b5e75dbee71e33fb5e.jpg"></div><strong class="rl-item__title">키움정, 240정, 1개</strong><div class="clearFix twc-flex twc-items-center"><span class="rl-item__price twc-mr-[4px]"><em> 53,000원 </em></span></div><img class="rl-item__badge" alt="" loading="lazy" src="https://image.coupangcdn.com/image/mobile_app/v3/brandsdp/loyalty/pc/rocket-fresh@2x.png"><div class="rl-item__unit-price">(1정당 221원)</div><div class="rl-item__review"><span class="rl-item__review-score-bg"><span class="rl-item__review-score" style="width: 90%;"><em>90%</em></span></span><span class="rl-item__review-count">(1,286)</span></div></a></li><li class="rl-item hps-scroll-item"><a target="_blank" href="/vp/products/8242764775?itemId=24175100364&amp;searchId=feed-46d881ed65e1498ab0202c26097baf39-view_together_ads-P6304732510&amp;vendorItemId=92716241933&amp;sourceType=SDP_ADS&amp;clickEventId=8efb1e30-990a-11f0-ad4f-7afdd7114748" data-adsplatform="{&quot;viewImpression&quot;:&quot;https://mercury.coupang.com/e.gif?r=8efb1e30-990a-11f0-ad4f-7afdd7114748%7E2&quot;,&quot;impressionLogUri&quot;:&quot;https://mercury.coupang.com/e.gif?r=8efb1e30-990a-11f0-ad4f-7afdd7114748%7E1&quot;,&quot;eventId&quot;:&quot;8efb1e30-990a-11f0-ad4f-7afdd7114748&quot;,&quot;clickLogUri&quot;:&quot;https://mercury.coupang.com/e.gif?r=8efb1e30-990a-11f0-ad4f-7afdd7114748%7E3&quot;}" class="impression-logged view-logged"><div class="rl-item__image-wrap"><img class="rl-item__image" alt="" src="//thumbnail.coupangcdn.com/thumbnails/remote/300x300ex/image/vendor_inventory/67f7/414f629069c2192e7c35ffcf4789a929c92a76d0cb1031a06393f41d9243.png"></div><strong class="rl-item__title">제일헬스사이언스 키가 쑥쑥 HT042 20g x 30포, 1개, 600g</strong><div class="clearFix twc-flex twc-items-center"><span class="rl-item__price twc-mr-[4px]"><em> 46,000원 </em></span></div><div class="rl-item__unit-price">(10g당 767원)</div><div class="rl-item__review"><span class="rl-item__review-score-bg"><span class="rl-item__review-score" style="width: 90%;"><em>90%</em></span></span><span class="rl-item__review-count">(25)</span></div></a></li><li class="rl-item hps-scroll-item"><a target="_blank" href="/vp/products/6444223952?itemId=25192811906&amp;searchId=feed-46d881ed65e1498ab0202c26097baf39-view_together_ads-P6304732510&amp;vendorItemId=84998539285&amp;sourceType=SDP_ADS&amp;clickEventId=8efb1e30-990a-11f0-ac8a-f67c3326c82f" data-adsplatform="{&quot;viewImpression&quot;:&quot;https://mercury.coupang.com/e.gif?r=8efb1e30-990a-11f0-ac8a-f67c3326c82f%7E2&quot;,&quot;impressionLogUri&quot;:&quot;https://mercury.coupang.com/e.gif?r=8efb1e30-990a-11f0-ac8a-f67c3326c82f%7E1&quot;,&quot;eventId&quot;:&quot;8efb1e30-990a-11f0-ac8a-f67c3326c82f&quot;,&quot;clickLogUri&quot;:&quot;https://mercury.coupang.com/e.gif?r=8efb1e30-990a-11f0-ac8a-f67c3326c82f%7E3&quot;}" class="impression-logged view-logged"><div class="rl-item__image-wrap"><img class="rl-item__image" alt="" src="//thumbnail.coupangcdn.com/thumbnails/remote/300x300ex/image/retail/images/4186940227606377-6a163554-eced-4a37-a1df-7176c4344e04.png"></div><strong class="rl-item__title">센트룸 멀티 구미 비타민, 80정, 2개</strong><div class="clearFix twc-flex twc-items-center"><span class="rl-item__price twc-mr-[4px]"><em> 41,990원 </em></span></div><img class="rl-item__badge" alt="" loading="lazy" src="https://image.coupangcdn.com/image/badges/rocket/rocket_logo.png"><div class="rl-item__unit-price">(1정당 262원)</div><div class="rl-item__review"><span class="rl-item__review-score-bg"><span class="rl-item__review-score" style="width: 100%;"><em>100%</em></span></span><span class="rl-item__review-count">(41,540)</span></div></a></li><li class="rl-item hps-scroll-item"><a target="_blank" href="/vp/products/8085307184?itemId=22814887597&amp;searchId=feed-46d881ed65e1498ab0202c26097baf39-view_together_ads-P6304732510&amp;vendorItemId=89964000516&amp;sourceType=SDP_ADS&amp;clickEventId=8efb1e30-990a-11f0-8276-b661608a8845" data-adsplatform="{&quot;viewImpression&quot;:&quot;https://mercury.coupang.com/e.gif?r=8efb1e30-990a-11f0-8276-b661608a8845%7E2&quot;,&quot;impressionLogUri&quot;:&quot;https://mercury.coupang.com/e.gif?r=8efb1e30-990a-11f0-8276-b661608a8845%7E1&quot;,&quot;eventId&quot;:&quot;8efb1e30-990a-11f0-8276-b661608a8845&quot;,&quot;clickLogUri&quot;:&quot;https://mercury.coupang.com/e.gif?r=8efb1e30-990a-11f0-8276-b661608a8845%7E3&quot;}" class="impression-logged view-logged"><div class="rl-item__image-wrap"><img class="rl-item__image" alt="" src="//thumbnail.coupangcdn.com/thumbnails/remote/300x300ex/image/vendor_inventory/62fe/404131b393689768519160812c83ef7b2238cd115337ab927dd692d890be.jpg"></div><strong class="rl-item__title">듀포 포지타노 민트 시럽 캔디, 200g, 1개</strong><div class="clearFix twc-flex twc-items-center"><span class="rl-item__price twc-mr-[4px]"><em> 7,900원 </em></span></div><img class="rl-item__badge" alt="" loading="lazy" src="https://image.coupangcdn.com/image/badges/rocket/rocket_logo.png"><div class="rl-item__unit-price">(10g당 395원)</div><div class="rl-item__review"><span class="rl-item__review-score-bg"><span class="rl-item__review-score" style="width: 90%;"><em>90%</em></span></span><span class="rl-item__review-count">(844)</span></div></a></li><li class="rl-item hps-scroll-item"><a target="_blank" href="/vp/products/8451402859?itemId=24451728989&amp;searchId=feed-46d881ed65e1498ab0202c26097baf39-view_together_ads-P6304732510&amp;vendorItemId=91900084742&amp;sourceType=SDP_ADS&amp;clickEventId=8efb1e30-990a-11f0-b8ea-59f101590ddb" data-adsplatform="{&quot;viewImpression&quot;:&quot;https://mercury.coupang.com/e.gif?r=8efb1e30-990a-11f0-b8ea-59f101590ddb%7E2&quot;,&quot;impressionLogUri&quot;:&quot;https://mercury.coupang.com/e.gif?r=8efb1e30-990a-11f0-b8ea-59f101590ddb%7E1&quot;,&quot;eventId&quot;:&quot;8efb1e30-990a-11f0-b8ea-59f101590ddb&quot;,&quot;clickLogUri&quot;:&quot;https://mercury.coupang.com/e.gif?r=8efb1e30-990a-11f0-b8ea-59f101590ddb%7E3&quot;}" class="impression-logged view-logged"><div class="rl-item__image-wrap"><img class="rl-item__image" alt="" src="//thumbnail.coupangcdn.com/thumbnails/remote/300x300ex/image/retail/images/2025/02/07/16/8/f5f1f57a-ee2e-4219-b2c6-8cf1965ff89a.jpg"></div><strong class="rl-item__title">JW중외제약 면역업 프리미엄 키즈 멀티비타민 앤 미네랄 90g, 1개, 90정</strong><div class="clearFix twc-flex twc-items-center"><span class="rl-item__price twc-mr-[4px]"><em> 14,000원 </em></span></div><img class="rl-item__badge" alt="" loading="lazy" src="https://image.coupangcdn.com/image/badges/rocket/rocket_logo.png"><div class="rl-item__unit-price">(1정당 156원)</div><div class="rl-item__review"><span class="rl-item__review-score-bg"><span class="rl-item__review-score" style="width: 100%;"><em>100%</em></span></span><span class="rl-item__review-count">(40)</span></div></a></li><li class="rl-item hps-scroll-item"><a target="_blank" href="/vp/products/5613474808?itemId=21406145183&amp;searchId=feed-46d881ed65e1498ab0202c26097baf39-view_together_ads-P6304732510&amp;vendorItemId=74774786341&amp;sourceType=SDP_ADS&amp;clickEventId=8efb1e30-990a-11f0-91ec-7f1df2d4ca39" data-adsplatform="{&quot;viewImpression&quot;:&quot;https://mercury.coupang.com/e.gif?r=8efb1e30-990a-11f0-91ec-7f1df2d4ca39%7E2&quot;,&quot;impressionLogUri&quot;:&quot;https://mercury.coupang.com/e.gif?r=8efb1e30-990a-11f0-91ec-7f1df2d4ca39%7E1&quot;,&quot;eventId&quot;:&quot;8efb1e30-990a-11f0-91ec-7f1df2d4ca39&quot;,&quot;clickLogUri&quot;:&quot;https://mercury.coupang.com/e.gif?r=8efb1e30-990a-11f0-91ec-7f1df2d4ca39%7E3&quot;}" class="impression-logged view-logged"><div class="rl-item__image-wrap"><img class="rl-item__image" alt="" src="//thumbnail.coupangcdn.com/thumbnails/remote/300x300ex/image/vendor_inventory/5ce3/fabc5ec89e9992f7bd48b3d48300c35ffe78122da79c286e38c6a02b67f4.jpg"></div><strong class="rl-item__title">시크릿쥬쥬 왕반지 사탕 6g, 15개</strong><div class="clearFix twc-flex twc-items-center"><span class="rl-item__price twc-mr-[4px]"><em> 12,800원 </em></span></div><div class="rl-item__unit-price">(10g당 1,422원)</div><div class="rl-item__review"><span class="rl-item__review-score-bg"><span class="rl-item__review-score" style="width: 90%;"><em>90%</em></span></span><span class="rl-item__review-count">(2,619)</span></div></a></li><li class="rl-item hps-scroll-item"><a target="_blank" href="/vp/products/8242778719?itemId=21074460750&amp;searchId=feed-46d881ed65e1498ab0202c26097baf39-view_together_ads-P6304732510&amp;vendorItemId=88136658536&amp;sourceType=SDP_ADS&amp;clickEventId=8efb4540-990a-11f0-8592-8e4c470e806d" data-adsplatform="{&quot;viewImpression&quot;:&quot;https://mercury.coupang.com/e.gif?r=8efb4540-990a-11f0-8592-8e4c470e806d%7E2&quot;,&quot;impressionLogUri&quot;:&quot;https://mercury.coupang.com/e.gif?r=8efb4540-990a-11f0-8592-8e4c470e806d%7E1&quot;,&quot;eventId&quot;:&quot;8efb4540-990a-11f0-8592-8e4c470e806d&quot;,&quot;clickLogUri&quot;:&quot;https://mercury.coupang.com/e.gif?r=8efb4540-990a-11f0-8592-8e4c470e806d%7E3&quot;}" class="impression-logged view-logged"><div class="rl-item__image-wrap"><img class="rl-item__image" alt="" src="//thumbnail.coupangcdn.com/thumbnails/remote/300x300ex/image/vendor_inventory/68e7/9cb5ec98c8a72d2bd937bf940c5d4927619b1950a5293aba4714e62df81f.jpg"></div><strong class="rl-item__title">후르티디노 키즈비타씨 250정 복숭아맛 어린이 영양간식 멀티비타민 1+1, 1개, 275g</strong><div class="clearFix twc-flex twc-items-center"><span class="rl-item__price twc-mr-[4px]"><em> 14,500원 </em></span></div><div class="rl-item__unit-price">(10g당 527원)</div><div class="rl-item__review"><span class="rl-item__review-score-bg"><span class="rl-item__review-score" style="width: 90%;"><em>90%</em></span></span><span class="rl-item__review-count">(10)</span></div></a></li><li class="rl-item hps-scroll-item"><a target="_blank" href="/vp/products/8950518844?itemId=26181002429&amp;searchId=feed-46d881ed65e1498ab0202c26097baf39-view_together_ads-P6304732510&amp;vendorItemId=93160548114&amp;sourceType=SDP_ADS&amp;clickEventId=8efb4540-990a-11f0-893b-43a73e3acc12" data-adsplatform="{&quot;viewImpression&quot;:&quot;https://mercury.coupang.com/e.gif?r=8efb4540-990a-11f0-893b-43a73e3acc12%7E2&quot;,&quot;impressionLogUri&quot;:&quot;https://mercury.coupang.com/e.gif?r=8efb4540-990a-11f0-893b-43a73e3acc12%7E1&quot;,&quot;eventId&quot;:&quot;8efb4540-990a-11f0-893b-43a73e3acc12&quot;,&quot;clickLogUri&quot;:&quot;https://mercury.coupang.com/e.gif?r=8efb4540-990a-11f0-893b-43a73e3acc12%7E3&quot;}" class="impression-logged view-logged"><div class="rl-item__image-wrap"><img class="rl-item__image" alt="" src="//thumbnail.coupangcdn.com/thumbnails/remote/300x300ex/image/vendor_inventory/ac34/293056d2e250c56455a7ae7a2f676fcac5c2b1d62bf309bba6486b80e5ef.jpg"></div><strong class="rl-item__title">[여우별]소프트캔디 대용량 마이쮸 대용량 말랑카우 (핑크리치써니피치+캔털루프멜론애플망고+밀크+딸기우유), 1세트, 884g</strong><div class="clearFix twc-flex twc-items-center"><span class="rl-item__price twc-mr-[4px]"><em> 23,740원 </em></span></div><div class="rl-item__unit-price">(10g당 269원)</div></a></li><li class="rl-item hps-scroll-item"><a target="_blank" href="/vp/products/8164034457?itemId=23287563848&amp;searchId=feed-46d881ed65e1498ab0202c26097baf39-view_together_ads-P6304732510&amp;vendorItemId=91109293970&amp;sourceType=SDP_ADS&amp;clickEventId=8efb4540-990a-11f0-8c1f-724b70c69508" data-adsplatform="{&quot;viewImpression&quot;:&quot;https://mercury.coupang.com/e.gif?r=8efb4540-990a-11f0-8c1f-724b70c69508%7E2&quot;,&quot;impressionLogUri&quot;:&quot;https://mercury.coupang.com/e.gif?r=8efb4540-990a-11f0-8c1f-724b70c69508%7E1&quot;,&quot;eventId&quot;:&quot;8efb4540-990a-11f0-8c1f-724b70c69508&quot;,&quot;clickLogUri&quot;:&quot;https://mercury.coupang.com/e.gif?r=8efb4540-990a-11f0-8c1f-724b70c69508%7E3&quot;}" class="impression-logged view-logged"><div class="rl-item__image-wrap"><img class="rl-item__image" alt="" src="//thumbnail.coupangcdn.com/thumbnails/remote/300x300ex/image/retail/images/2100573279892505-4e27b00f-a3de-4cad-9c31-8c14bbc28df4.jpg"></div><strong class="rl-item__title">닥터브라이언 멀티비타민 구미 복숭아 &amp; 레몬맛, 300g, 1개</strong><div class="clearFix twc-flex twc-items-center"><span class="rl-item__price twc-mr-[4px]"><em> 15,110원 </em></span></div><img class="rl-item__badge" alt="" loading="lazy" src="https://image.coupangcdn.com/image/badges/rocket/rocket_logo.png"><div class="rl-item__unit-price">(10g당 504원)</div><div class="rl-item__review"><span class="rl-item__review-score-bg"><span class="rl-item__review-score" style="width: 100%;"><em>100%</em></span></span><span class="rl-item__review-count">(758)</span></div></a></li><li class="rl-item hps-scroll-item"><a target="_blank" href="/vp/products/113208565?itemId=340119850&amp;searchId=feed-46d881ed65e1498ab0202c26097baf39-view_together_ads-P6304732510&amp;vendorItemId=3834679046&amp;sourceType=SDP_ADS&amp;clickEventId=8efb4540-990a-11f0-a7f8-7f0d468b41b1" data-adsplatform="{&quot;viewImpression&quot;:&quot;https://mercury.coupang.com/e.gif?r=8efb4540-990a-11f0-a7f8-7f0d468b41b1%7E2&quot;,&quot;impressionLogUri&quot;:&quot;https://mercury.coupang.com/e.gif?r=8efb4540-990a-11f0-a7f8-7f0d468b41b1%7E1&quot;,&quot;eventId&quot;:&quot;8efb4540-990a-11f0-a7f8-7f0d468b41b1&quot;,&quot;clickLogUri&quot;:&quot;https://mercury.coupang.com/e.gif?r=8efb4540-990a-11f0-a7f8-7f0d468b41b1%7E3&quot;}" class="impression-logged view-logged"><div class="rl-item__image-wrap"><img class="rl-item__image" alt="" src="//thumbnail.coupangcdn.com/thumbnails/remote/300x300ex/image/retail/images/987464008303862-975d2e6b-c8fd-4592-9631-eb6fd6a794a2.jpg"></div><strong class="rl-item__title">뉴트리디데이 베이비 앤 키즈 오메가3 츄어블 영양제, 45정, 1개</strong><div class="clearFix twc-flex twc-items-center"><span class="rl-item__price twc-mr-[4px]"><em> 14,900원 </em></span></div><img class="rl-item__badge" alt="" loading="lazy" src="https://image.coupangcdn.com/image/badges/rocket/rocket_logo.png"><div class="rl-item__unit-price">(1정당 331원)</div><div class="rl-item__review"><span class="rl-item__review-score-bg"><span class="rl-item__review-score" style="width: 100%;"><em>100%</em></span></span><span class="rl-item__review-count">(7,728)</span></div></a></li><li class="rl-item hps-scroll-item"><a target="_blank" href="/vp/products/7158425114?itemId=18010851611&amp;searchId=feed-46d881ed65e1498ab0202c26097baf39-view_together_ads-P6304732510&amp;vendorItemId=85656690060&amp;sourceType=SDP_ADS&amp;clickEventId=8efb4540-990a-11f0-a50c-7be9b3d99def" data-adsplatform="{&quot;viewImpression&quot;:&quot;https://mercury.coupang.com/e.gif?r=8efb4540-990a-11f0-a50c-7be9b3d99def%7E2&quot;,&quot;impressionLogUri&quot;:&quot;https://mercury.coupang.com/e.gif?r=8efb4540-990a-11f0-a50c-7be9b3d99def%7E1&quot;,&quot;eventId&quot;:&quot;8efb4540-990a-11f0-a50c-7be9b3d99def&quot;,&quot;clickLogUri&quot;:&quot;https://mercury.coupang.com/e.gif?r=8efb4540-990a-11f0-a50c-7be9b3d99def%7E3&quot;}" class="impression-logged view-logged"><div class="rl-item__image-wrap"><img class="rl-item__image" alt="" src="//thumbnail.coupangcdn.com/thumbnails/remote/300x300ex/image/vendor_inventory/image_audit/prod/c4e1b707-7ec8-45cf-b6e7-fad26054cc58_fixing_v2.png"></div><strong class="rl-item__title">키즈텐 어린이 철분제 5중기능성 플러스, 60g, 1개</strong><div class="clearFix twc-flex twc-items-center"><span class="rl-item__price twc-mr-[4px]"><em> 20,500원 </em></span></div><img class="rl-item__badge" alt="" loading="lazy" src="https://image.coupangcdn.com/image/badges/rocket/rocket_logo.png"><div class="rl-item__unit-price">(10g당 3,417원)</div><div class="rl-item__review"><span class="rl-item__review-score-bg"><span class="rl-item__review-score" style="width: 100%;"><em>100%</em></span></span><span class="rl-item__review-count">(1,152)</span></div></a></li><li class="rl-item hps-scroll-item"><a target="_blank" href="/vp/products/8832238270?itemId=25735601862&amp;searchId=feed-46d881ed65e1498ab0202c26097baf39-view_together_ads-P6304732510&amp;vendorItemId=92724116463&amp;sourceType=SDP_ADS&amp;clickEventId=8efb4540-990a-11f0-a980-dd1515d8450d" data-adsplatform="{&quot;viewImpression&quot;:&quot;https://mercury.coupang.com/e.gif?r=8efb4540-990a-11f0-a980-dd1515d8450d%7E2&quot;,&quot;impressionLogUri&quot;:&quot;https://mercury.coupang.com/e.gif?r=8efb4540-990a-11f0-a980-dd1515d8450d%7E1&quot;,&quot;eventId&quot;:&quot;8efb4540-990a-11f0-a980-dd1515d8450d&quot;,&quot;clickLogUri&quot;:&quot;https://mercury.coupang.com/e.gif?r=8efb4540-990a-11f0-a980-dd1515d8450d%7E3&quot;}" class="impression-logged view-logged"><div class="rl-item__image-wrap"><img class="rl-item__image" alt="" src="//thumbnail.coupangcdn.com/thumbnails/remote/300x300ex/image/vendor_inventory/0772/490eb8f6dd416db83da1e3f0184b16b91adfa5d11487373994fce044e60b.jpg"></div><strong class="rl-item__title">우마이봉 콘스프맛15개 + 치즈맛15개 + 초코맛15개 + 멘타이맛15개 (총60개), 1개</strong><div class="clearFix twc-flex twc-items-center"><span class="rl-item__price twc-mr-[4px]"><em> 27,900원 </em></span></div><div class="rl-item__review"><span class="rl-item__review-score-bg"><span class="rl-item__review-score" style="width: 100%;"><em>100%</em></span></span><span class="rl-item__review-count">(10)</span></div></a></li><li class="rl-item hps-scroll-item"><a target="_blank" href="/vp/products/8289149250?itemId=20605056219&amp;searchId=feed-46d881ed65e1498ab0202c26097baf39-view_together_ads-P6304732510&amp;vendorItemId=92878892857&amp;sourceType=SDP_ADS&amp;clickEventId=8efb4540-990a-11f0-9bd7-cae09d641b61" data-adsplatform="{&quot;viewImpression&quot;:&quot;https://mercury.coupang.com/e.gif?r=8efb4540-990a-11f0-9bd7-cae09d641b61%7E2&quot;,&quot;impressionLogUri&quot;:&quot;https://mercury.coupang.com/e.gif?r=8efb4540-990a-11f0-9bd7-cae09d641b61%7E1&quot;,&quot;eventId&quot;:&quot;8efb4540-990a-11f0-9bd7-cae09d641b61&quot;,&quot;clickLogUri&quot;:&quot;https://mercury.coupang.com/e.gif?r=8efb4540-990a-11f0-9bd7-cae09d641b61%7E3&quot;}" class="impression-logged view-logged"><div class="rl-item__image-wrap"><img class="rl-item__image" alt="" src="//thumbnail.coupangcdn.com/thumbnails/remote/300x300ex/image/retail/images/2025/06/27/15/1/05348dab-297e-4db4-9f13-a8d1760eff7b.jpg"></div><strong class="rl-item__title">센트룸 멀티비타민 키즈, 40정, 80g, 1개</strong><div class="clearFix twc-flex twc-items-center"><span class="rl-item__price twc-mr-[4px]"><em> 13,800원 </em></span></div><img class="rl-item__badge" alt="" loading="lazy" src="https://image.coupangcdn.com/image/badges/rocket/rocket_logo.png"><div class="rl-item__unit-price">(1정당 345원)</div><div class="rl-item__review"><span class="rl-item__review-score-bg"><span class="rl-item__review-score" style="width: 100%;"><em>100%</em></span></span><span class="rl-item__review-count">(307)</span></div></a></li><li class="rl-item hps-scroll-item"><a target="_blank" href="/vp/products/8688508116?itemId=25225300556&amp;searchId=feed-46d881ed65e1498ab0202c26097baf39-view_together_ads-P6304732510&amp;vendorItemId=92221549387&amp;sourceType=SDP_ADS&amp;clickEventId=8efb4540-990a-11f0-bc99-aea3f1d9546f" data-adsplatform="{&quot;viewImpression&quot;:&quot;https://mercury.coupang.com/e.gif?r=8efb4540-990a-11f0-bc99-aea3f1d9546f%7E2&quot;,&quot;impressionLogUri&quot;:&quot;https://mercury.coupang.com/e.gif?r=8efb4540-990a-11f0-bc99-aea3f1d9546f%7E1&quot;,&quot;eventId&quot;:&quot;8efb4540-990a-11f0-bc99-aea3f1d9546f&quot;,&quot;clickLogUri&quot;:&quot;https://mercury.coupang.com/e.gif?r=8efb4540-990a-11f0-bc99-aea3f1d9546f%7E3&quot;}" class="impression-logged view-logged"><div class="rl-item__image-wrap"><img class="rl-item__image" alt="" src="//thumbnail.coupangcdn.com/thumbnails/remote/300x300ex/image/vendor_inventory/d9f6/45d66a83b8d81d9ddef2456937bce4296881c4fc32d67b9ba408d92cf45d.jpg"></div><strong class="rl-item__title">[가정의학과 전문의 개발] 뉴프라이스 멀티 비타 키즈 꾸미, 1개, 180g</strong><div class="clearFix twc-flex twc-items-center"><span class="rl-item__price twc-mr-[4px]"><em> 8,500원 </em></span></div><img class="rl-item__badge" alt="" loading="lazy" src="https://image.coupangcdn.com/image/coupang/rds/logo/iphone_2x/logoRocketMerchantLargeV3R3@2x.png"><div class="rl-item__unit-price">(10g당 472원)</div><div class="rl-item__review"><span class="rl-item__review-score-bg"><span class="rl-item__review-score" style="width: 100%;"><em>100%</em></span></span><span class="rl-item__review-count">(178)</span></div></a></li><li class="rl-item hps-scroll-item"><a target="_blank" href="/vp/products/8641981050?itemId=25241377404&amp;searchId=feed-46d881ed65e1498ab0202c26097baf39-view_together_ads-P6304732510&amp;vendorItemId=93437556712&amp;sourceType=SDP_ADS&amp;clickEventId=8efb4540-990a-11f0-bad8-e90d34b566dd" data-adsplatform="{&quot;viewImpression&quot;:&quot;https://mercury.coupang.com/e.gif?r=8efb4540-990a-11f0-bad8-e90d34b566dd%7E2&quot;,&quot;impressionLogUri&quot;:&quot;https://mercury.coupang.com/e.gif?r=8efb4540-990a-11f0-bad8-e90d34b566dd%7E1&quot;,&quot;eventId&quot;:&quot;8efb4540-990a-11f0-bad8-e90d34b566dd&quot;,&quot;clickLogUri&quot;:&quot;https://mercury.coupang.com/e.gif?r=8efb4540-990a-11f0-bad8-e90d34b566dd%7E3&quot;}" class="impression-logged view-logged"><div class="rl-item__image-wrap"><img class="rl-item__image" alt="" src="//thumbnail.coupangcdn.com/thumbnails/remote/300x300ex/image/vendor_inventory/5c6f/b4d47c062b580b03c73dbf5be29455784de176299a0e0c0a9bfae5f2636d.png"></div><strong class="rl-item__title">일양약품 하이키튼 CBP 키즈 어린이 초등 청소년 성장기 초유 단백질 우유 칼슘 츄어블, 3박스, 60정</strong><div class="clearFix twc-flex twc-items-center"><span class="rl-item__price twc-mr-[4px]"><em> 88,500원 </em></span></div><div class="rl-item__unit-price">(1정당 492원)</div><div class="rl-item__review"><span class="rl-item__review-score-bg"><span class="rl-item__review-score" style="width: 100%;"><em>100%</em></span></span><span class="rl-item__review-count">(226)</span></div></a></li><li class="rl-item hps-scroll-item"><a target="_blank" href="/vp/products/8958188357?itemId=26212595432&amp;searchId=feed-46d881ed65e1498ab0202c26097baf39-view_together_ads-P6304732510&amp;vendorItemId=90882988732&amp;sourceType=SDP_ADS&amp;clickEventId=8efb6c50-990a-11f0-b8f7-b17a193d2f3d" data-adsplatform="{&quot;viewImpression&quot;:&quot;https://mercury.coupang.com/e.gif?r=8efb6c50-990a-11f0-b8f7-b17a193d2f3d%7E2&quot;,&quot;impressionLogUri&quot;:&quot;https://mercury.coupang.com/e.gif?r=8efb6c50-990a-11f0-b8f7-b17a193d2f3d%7E1&quot;,&quot;eventId&quot;:&quot;8efb6c50-990a-11f0-b8f7-b17a193d2f3d&quot;,&quot;clickLogUri&quot;:&quot;https://mercury.coupang.com/e.gif?r=8efb6c50-990a-11f0-b8f7-b17a193d2f3d%7E3&quot;}" class="impression-logged view-logged"><div class="rl-item__image-wrap"><img class="rl-item__image" alt="" src="//thumbnail.coupangcdn.com/thumbnails/remote/300x300ex/image/vendor_inventory/8431/57d749f131aa6b3ca3a78d283c7ef20534093ffd33fca9cbffbc39c403c5.jpg"></div><strong class="rl-item__title">쫀박스 국내산 목포쫀드기 16개입 원조 밥통 쫀드기 당일생산, 500g, 1박스, 쌀쫀드기</strong><div class="clearFix twc-flex twc-items-center"><span class="rl-item__price twc-mr-[4px]"><em> 12,990원 </em></span></div><div class="rl-item__unit-price">(10g당 260원)</div><div class="rl-item__review"><span class="rl-item__review-score-bg"><span class="rl-item__review-score" style="width: 90%;"><em>90%</em></span></span><span class="rl-item__review-count">(131)</span></div></a></li><li class="rl-item hps-scroll-item"><a target="_blank" href="/vp/products/8837466497?itemId=25754195218&amp;searchId=feed-46d881ed65e1498ab0202c26097baf39-view_together_ads-P6304732510&amp;vendorItemId=92742441921&amp;sourceType=SDP_ADS&amp;clickEventId=8efb6c50-990a-11f0-a241-c1755be98f54" data-adsplatform="{&quot;viewImpression&quot;:&quot;https://mercury.coupang.com/e.gif?r=8efb6c50-990a-11f0-a241-c1755be98f54%7E2&quot;,&quot;impressionLogUri&quot;:&quot;https://mercury.coupang.com/e.gif?r=8efb6c50-990a-11f0-a241-c1755be98f54%7E1&quot;,&quot;eventId&quot;:&quot;8efb6c50-990a-11f0-a241-c1755be98f54&quot;,&quot;clickLogUri&quot;:&quot;https://mercury.coupang.com/e.gif?r=8efb6c50-990a-11f0-a241-c1755be98f54%7E3&quot;}" class="impression-logged view-logged"><div class="rl-item__image-wrap"><img class="rl-item__image" alt="" src="//thumbnail.coupangcdn.com/thumbnails/remote/300x300ex/image/vendor_inventory/image_audit/prod/fa46683d-1a93-463f-aef6-f3ad2a3f0f06_fixing_v2.png"></div><strong class="rl-item__title">그레이스힐 오스트레일리안 프로폴리스 캔디 마누카꿀 페퍼민트 사탕, 1개, 120g</strong><div class="clearFix twc-flex twc-items-center"><span class="rl-item__price twc-mr-[4px]"><em> 10,000원 </em></span></div><div class="rl-item__unit-price">(10g당 833원)</div></a></li><li class="rl-item hps-scroll-item"><a target="_blank" href="/vp/products/8065733166?itemId=19909538889&amp;searchId=feed-46d881ed65e1498ab0202c26097baf39-view_together_ads-P6304732510&amp;vendorItemId=85364897753&amp;sourceType=SDP_ADS&amp;clickEventId=8efb6c50-990a-11f0-9527-f22372ec8543" data-adsplatform="{&quot;viewImpression&quot;:&quot;https://mercury.coupang.com/e.gif?r=8efb6c50-990a-11f0-9527-f22372ec8543%7E2&quot;,&quot;impressionLogUri&quot;:&quot;https://mercury.coupang.com/e.gif?r=8efb6c50-990a-11f0-9527-f22372ec8543%7E1&quot;,&quot;eventId&quot;:&quot;8efb6c50-990a-11f0-9527-f22372ec8543&quot;,&quot;clickLogUri&quot;:&quot;https://mercury.coupang.com/e.gif?r=8efb6c50-990a-11f0-9527-f22372ec8543%7E3&quot;}" class="impression-logged view-logged"><div class="rl-item__image-wrap"><img class="rl-item__image" alt="" src="//thumbnail.coupangcdn.com/thumbnails/remote/300x300ex/image/vendor_inventory/image_audit/advertiser/1752293795806/fd794836-b8c8-48be-8b99-822309d8a700.png"></div><strong class="rl-item__title">무설탕 스위스 허브캔디 리콜라 레몬민트, 342g, 1개</strong><div class="clearFix twc-flex twc-items-center"><span class="rl-item__price twc-mr-[4px]"><em> 11,800원 </em></span></div><div class="rl-item__unit-price">(10g당 345원)</div><div class="rl-item__review"><span class="rl-item__review-score-bg"><span class="rl-item__review-score" style="width: 100%;"><em>100%</em></span></span><span class="rl-item__review-count">(29,581)</span></div></a></li><li class="rl-item hps-scroll-item"><a target="_blank" href="/vp/products/7195977255?itemId=18178384267&amp;searchId=feed-46d881ed65e1498ab0202c26097baf39-view_together_ads-P6304732510&amp;vendorItemId=85327495220&amp;sourceType=SDP_ADS&amp;clickEventId=8efb6c50-990a-11f0-b449-6ba2b1b450e1" data-adsplatform="{&quot;viewImpression&quot;:&quot;https://mercury.coupang.com/e.gif?r=8efb6c50-990a-11f0-b449-6ba2b1b450e1%7E2&quot;,&quot;impressionLogUri&quot;:&quot;https://mercury.coupang.com/e.gif?r=8efb6c50-990a-11f0-b449-6ba2b1b450e1%7E1&quot;,&quot;eventId&quot;:&quot;8efb6c50-990a-11f0-b449-6ba2b1b450e1&quot;,&quot;clickLogUri&quot;:&quot;https://mercury.coupang.com/e.gif?r=8efb6c50-990a-11f0-b449-6ba2b1b450e1%7E3&quot;}" class="impression-logged view-logged"><div class="rl-item__image-wrap"><img class="rl-item__image" alt="" src="//thumbnail.coupangcdn.com/thumbnails/remote/300x300ex/image/vendor_inventory/image_audit/stage/manual/1766049037822370-3c808f49-b6cf-479e-96c7-b9a475190ff6_1751865537768.jpg"></div><strong class="rl-item__title">키즈텐 연세 칼슘업 츄어블, 70정, 1개</strong><div class="clearFix twc-flex twc-items-center"><span class="rl-item__price twc-mr-[4px]"><em> 40,500원 </em></span></div><img class="rl-item__badge" alt="" loading="lazy" src="https://image.coupangcdn.com/image/badges/rocket/rocket_logo.png"><div class="rl-item__unit-price">(1정당 579원)</div><div class="rl-item__review"><span class="rl-item__review-score-bg"><span class="rl-item__review-score" style="width: 100%;"><em>100%</em></span></span><span class="rl-item__review-count">(317)</span></div></a></li><li class="rl-item hps-scroll-item"><a target="_blank" href="/vp/products/8461512307?itemId=24972061292&amp;searchId=feed-46d881ed65e1498ab0202c26097baf39-view_together_ads-P6304732510&amp;vendorItemId=92219391951&amp;sourceType=SDP_ADS&amp;clickEventId=8efb6c50-990a-11f0-ac17-1ee30ca877d8" data-adsplatform="{&quot;viewImpression&quot;:&quot;https://mercury.coupang.com/e.gif?r=8efb6c50-990a-11f0-ac17-1ee30ca877d8%7E2&quot;,&quot;impressionLogUri&quot;:&quot;https://mercury.coupang.com/e.gif?r=8efb6c50-990a-11f0-ac17-1ee30ca877d8%7E1&quot;,&quot;eventId&quot;:&quot;8efb6c50-990a-11f0-ac17-1ee30ca877d8&quot;,&quot;clickLogUri&quot;:&quot;https://mercury.coupang.com/e.gif?r=8efb6c50-990a-11f0-ac17-1ee30ca877d8%7E3&quot;}" class="impression-logged view-logged"><div class="rl-item__image-wrap"><img class="rl-item__image" alt="" src="//thumbnail.coupangcdn.com/thumbnails/remote/300x300ex/image/retail/images/1c7bd287-02df-4e09-89f3-e4e8bb6b026f4084322408200935856.png"></div><strong class="rl-item__title">서울우유 면역탄탄 칼슘 &amp; 아연 &amp; 비타민D 젤리스틱 14p, 2개, 280g</strong><div class="clearFix twc-flex twc-items-center"><span class="rl-item__price twc-mr-[4px]"><em> 33,000원 </em></span></div><img class="rl-item__badge" alt="" loading="lazy" src="https://image.coupangcdn.com/image/badges/rocket/rocket_logo.png"><div class="rl-item__unit-price">(10g당 589원)</div><div class="rl-item__review"><span class="rl-item__review-score-bg"><span class="rl-item__review-score" style="width: 100%;"><em>100%</em></span></span><span class="rl-item__review-count">(112)</span></div></a></li><li class="rl-item hps-scroll-item"><a target="_blank" href="/vp/products/7210342586?itemId=13972476632&amp;searchId=feed-46d881ed65e1498ab0202c26097baf39-view_together_ads-P6304732510&amp;vendorItemId=5612973600&amp;sourceType=SDP_ADS&amp;clickEventId=8efb6c50-990a-11f0-88b3-aa401ebd2354" data-adsplatform="{&quot;viewImpression&quot;:&quot;https://mercury.coupang.com/e.gif?r=8efb6c50-990a-11f0-88b3-aa401ebd2354%7E2&quot;,&quot;impressionLogUri&quot;:&quot;https://mercury.coupang.com/e.gif?r=8efb6c50-990a-11f0-88b3-aa401ebd2354%7E1&quot;,&quot;eventId&quot;:&quot;8efb6c50-990a-11f0-88b3-aa401ebd2354&quot;,&quot;clickLogUri&quot;:&quot;https://mercury.coupang.com/e.gif?r=8efb6c50-990a-11f0-88b3-aa401ebd2354%7E3&quot;}" class="impression-logged view-logged"><div class="rl-item__image-wrap"><img class="rl-item__image" alt="" src="//thumbnail.coupangcdn.com/thumbnails/remote/300x300ex/image/retail/images/20649271920498-b4fdec06-c42c-4e6e-a35f-e0eeeb71c96e.jpg"></div><strong class="rl-item__title">뉴트리코어 멀티비타민 미네랄, 180정, 1개</strong><div class="clearFix twc-flex twc-items-center"><span class="rl-item__price twc-mr-[4px]"><em> 68,400원 </em></span></div><img class="rl-item__badge" alt="" loading="lazy" src="https://image.coupangcdn.com/image/badges/rocket/rocket_logo.png"><div class="rl-item__unit-price">(1정당 380원)</div><div class="rl-item__review"><span class="rl-item__review-score-bg"><span class="rl-item__review-score" style="width: 90%;"><em>90%</em></span></span><span class="rl-item__review-count">(965)</span></div></a></li><li class="rl-item hps-scroll-item"><a target="_blank" href="/vp/products/1173057697?itemId=18729054849&amp;searchId=feed-46d881ed65e1498ab0202c26097baf39-view_together_ads-P6304732510&amp;vendorItemId=85861654752&amp;sourceType=SDP_ADS&amp;clickEventId=8efb6c50-990a-11f0-a5e6-b228611ca40b" data-adsplatform="{&quot;viewImpression&quot;:&quot;https://mercury.coupang.com/e.gif?r=8efb6c50-990a-11f0-a5e6-b228611ca40b%7E2&quot;,&quot;impressionLogUri&quot;:&quot;https://mercury.coupang.com/e.gif?r=8efb6c50-990a-11f0-a5e6-b228611ca40b%7E1&quot;,&quot;eventId&quot;:&quot;8efb6c50-990a-11f0-a5e6-b228611ca40b&quot;,&quot;clickLogUri&quot;:&quot;https://mercury.coupang.com/e.gif?r=8efb6c50-990a-11f0-a5e6-b228611ca40b%7E3&quot;}" class="impression-logged view-logged"><div class="rl-item__image-wrap"><img class="rl-item__image" alt="" src="//thumbnail.coupangcdn.com/thumbnails/remote/300x300ex/image/retail/images/358554364340162-9b32e6e7-4f34-4766-8dbf-b841456ed49a.png"></div><strong class="rl-item__title">닥터라인 헤모키즈 맛있는 딸기맛 유아철분제, 120ml, 2개</strong><div class="clearFix twc-flex twc-items-center"><span class="rl-item__price twc-mr-[4px]"><em> 58,520원 </em></span></div><img class="rl-item__badge" alt="" loading="lazy" src="https://image.coupangcdn.com/image/badges/rocket/rocket_logo.png"><div class="rl-item__unit-price">(10ml당 2,438원)</div><div class="rl-item__review"><span class="rl-item__review-score-bg"><span class="rl-item__review-score" style="width: 100%;"><em>100%</em></span></span><span class="rl-item__review-count">(11,290)</span></div></a></li><li class="rl-item hps-scroll-item"><a target="_blank" href="/vp/products/7785550708?itemId=20811514678&amp;searchId=feed-46d881ed65e1498ab0202c26097baf39-view_together_ads-P6304732510&amp;vendorItemId=91712271481&amp;sourceType=SDP_ADS&amp;clickEventId=8efb6c50-990a-11f0-addd-7bf3d54a3397" data-adsplatform="{&quot;viewImpression&quot;:&quot;https://mercury.coupang.com/e.gif?r=8efb6c50-990a-11f0-addd-7bf3d54a3397%7E2&quot;,&quot;impressionLogUri&quot;:&quot;https://mercury.coupang.com/e.gif?r=8efb6c50-990a-11f0-addd-7bf3d54a3397%7E1&quot;,&quot;eventId&quot;:&quot;8efb6c50-990a-11f0-addd-7bf3d54a3397&quot;,&quot;clickLogUri&quot;:&quot;https://mercury.coupang.com/e.gif?r=8efb6c50-990a-11f0-addd-7bf3d54a3397%7E3&quot;}" class="impression-logged view-logged"><div class="rl-item__image-wrap"><img class="rl-item__image" alt="" src="//thumbnail.coupangcdn.com/thumbnails/remote/300x300ex/image/retail/images/553736288888776-d5082940-f40b-4c5f-be57-ab56b23d8c49.jpg"></div><strong class="rl-item__title">비타민마을 금쪽같은 내새끼 리포퍼 철분 비타민C 30p, 45g, 1개</strong><div class="clearFix twc-flex twc-items-center"><span class="rl-item__price twc-mr-[4px]"><em> 15,900원 </em></span></div><img class="rl-item__badge" alt="" loading="lazy" src="https://image.coupangcdn.com/image/badges/rocket/rocket_logo.png"><div class="rl-item__unit-price">(10g당 3,533원)</div><div class="rl-item__review"><span class="rl-item__review-score-bg"><span class="rl-item__review-score" style="width: 100%;"><em>100%</em></span></span><span class="rl-item__review-count">(441)</span></div></a></li><li class="rl-item hps-scroll-item"><a target="_blank" href="/vp/products/8141056165?itemId=25333821807&amp;searchId=feed-46d881ed65e1498ab0202c26097baf39-view_together_ads-P6304732510&amp;vendorItemId=91329518485&amp;sourceType=SDP_ADS&amp;clickEventId=8efb6c50-990a-11f0-8b9d-c4720027444e" data-adsplatform="{&quot;viewImpression&quot;:&quot;https://mercury.coupang.com/e.gif?r=8efb6c50-990a-11f0-8b9d-c4720027444e%7E2&quot;,&quot;impressionLogUri&quot;:&quot;https://mercury.coupang.com/e.gif?r=8efb6c50-990a-11f0-8b9d-c4720027444e%7E1&quot;,&quot;eventId&quot;:&quot;8efb6c50-990a-11f0-8b9d-c4720027444e&quot;,&quot;clickLogUri&quot;:&quot;https://mercury.coupang.com/e.gif?r=8efb6c50-990a-11f0-8b9d-c4720027444e%7E3&quot;}" class="impression-logged view-logged"><div class="rl-item__image-wrap"><img class="rl-item__image" alt="" src="//thumbnail.coupangcdn.com/thumbnails/remote/300x300ex/image/vendor_inventory/e723/4ad5ed6652719367c2b3ff7be33865cbc7711fe89a9050486f5d9d884ad3.jpg"></div><strong class="rl-item__title">L-아르기는 2 500mg 함유! 더팜 쑥쑥 아르기닌 말랑말랑 맛있는 청사과맛 스틱젤리 15포, 1개, 0.02mg</strong><div class="clearFix twc-flex twc-items-center"><span class="rl-item__price twc-mr-[4px]"><em> 17,100원 </em></span></div><div class="rl-item__review"><span class="rl-item__review-score-bg"><span class="rl-item__review-score" style="width: 100%;"><em>100%</em></span></span><span class="rl-item__review-count">(128)</span></div></a></li></ul></div><a href="#" class="carousel-arrow-button prev"></a><a href="#" class="carousel-arrow-button next"></a></div></div></div><div class="personalizedGW full-width"><div class="carousel-widget-container gw_promotion "><div class="promotion-decker-carousel"><div class="promotion-carousel-header"><div class="promotion-title"> 오늘의 <span class="twc-text-[#cb1400]">판매자 특가</span></div><div class="promotion-carousel-page-counter"><em>1</em><span>/4</span></div></div><div class="promotion-carousel-body"><div class="promotion-carousel-scroller-wrap"><div class="carousel-scroller" style="transform: translateX(0%);"><ul class="carousel-list promotion-carousel-list "><li class="promotion-carousel-item"><a data-vendor-item-id="90861703329" data-vendor-id="A00615494" data-product-id="8289788550" data-item-id="24463640075" data-tracking-tag="" data-impression-log-uri="https://mercury.coupang.com/e.gif?t=101&amp;r=PbhxWHwuC6ZZQiTdPd5nJk1GQc0_jBoxKyXn71g7QuC24mv6-Lf3AUi8Yth0wGzltrfdT_xeq-Tt84346JqfQCQpyyIWwbW-fcEeVOt1ivrgzCRxT9TCywB-3x894aEQuRDr8RxeWe3VitgOmVe9QY5Ae1Kxhtus6t0irCQTGutxsbnXY86FJCRgcGdmJPctv363JdMLT-yPkdqCh-UtPpH_aMabNie0B3mfsUxvTtP66P00fVZX6HtviR2mQLYJBBq-RFK4_K6mIqoZS33DpRziWnQx1VoHUcIlVlLNIpbjStVNjqUFnASeY-rdnTo6IZzljEmu" data-click-log-uri="https://mercury.coupang.com/e.gif?t=100&amp;r=fQavpabPMZOmz_XefYTpaOK8VM4wZsUDt7Lxz6PDdu7MSo2m7HWl6K4Srx9XSEkAd-gm4L-SvpOG5-Bf55D3SVaxtADssFSmG6XEbOGoSRHbrYLX2rXfc2ODiwCdSIUUkS359R_zyJ803hAa346xMPCZ2fH-PdisrEIcPwyZ9DOiC_j7qm7nyhUot7AUwNwfWmlLQAaM7i27HTsVUyaPiSPqAK8F9fK7Gz1PTvHvgtfO-Hvxk3Zn1ysaspUlUYfrLYKgFSwaQPUqu6JN1kRQKzvmWb1HH5FOVRjYr0do-N3gXK4r9hDHX1kV0Deg3JM6Sw%3D%3D" data-click-logging="{&quot;targetProductId&quot;:8289788550,&quot;targetVendorItemId&quot;:90861703329,&quot;targetItemId&quot;:24463640075,&quot;pageName&quot;:&quot;recommendation&quot;,&quot;domain&quot;:&quot;sdp&quot;,&quot;eventName&quot;:&quot;sdp_bottom_promotion&quot;}" data-adsplatform="{&quot;clickLogUri&quot;:&quot;https://mercury.coupang.com/e.gif?t=100&amp;r=fQavpabPMZOmz_XefYTpaOK8VM4wZsUDt7Lxz6PDdu7MSo2m7HWl6K4Srx9XSEkAd-gm4L-SvpOG5-Bf55D3SVaxtADssFSmG6XEbOGoSRHbrYLX2rXfc2ODiwCdSIUUkS359R_zyJ803hAa346xMPCZ2fH-PdisrEIcPwyZ9DOiC_j7qm7nyhUot7AUwNwfWmlLQAaM7i27HTsVUyaPiSPqAK8F9fK7Gz1PTvHvgtfO-Hvxk3Zn1ysaspUlUYfrLYKgFSwaQPUqu6JN1kRQKzvmWb1HH5FOVRjYr0do-N3gXK4r9hDHX1kV0Deg3JM6Sw%3D%3D&quot;, &quot;impressionLogUri&quot;:&quot;https://mercury.coupang.com/e.gif?t=101&amp;r=PbhxWHwuC6ZZQiTdPd5nJk1GQc0_jBoxKyXn71g7QuC24mv6-Lf3AUi8Yth0wGzltrfdT_xeq-Tt84346JqfQCQpyyIWwbW-fcEeVOt1ivrgzCRxT9TCywB-3x894aEQuRDr8RxeWe3VitgOmVe9QY5Ae1Kxhtus6t0irCQTGutxsbnXY86FJCRgcGdmJPctv363JdMLT-yPkdqCh-UtPpH_aMabNie0B3mfsUxvTtP66P00fVZX6HtviR2mQLYJBBq-RFK4_K6mIqoZS33DpRziWnQx1VoHUcIlVlLNIpbjStVNjqUFnASeY-rdnTo6IZzljEmu&quot;, &quot;viewImpression&quot;: &quot;https://mercury.coupang.com/e.gif?t=102&amp;r=1pu0l7t5K9bNYyxR1oLzc_-uvMvnydwB3eFwcx0cfK5JfDGqrM_6VP3Amq---Ya9URpsC2WgCbCNA9gWIN9J7v-FzN-h0ORAUyt5I14lnGQ9hS2IjMxAeZjtzy-GMgn_kSOhc3Iq88gMrpa2z6HZ0Mr3WqvosCm1Dsivz6vLnZpCN8Szw0xe6P1PMu6ilHc0ifigoAIiR5vvCYjUS0evNrv4zIHvLQRdfzYq1yD8xsnbIMrfwnss3l7MyxrQMgO7jGBj_xceDczT7SOF_5DtZRM6I6LNrDm1xlo9b1PNeObkre-0n12T3fPuffUE94yn&quot; }" target="_blank" href="/vp/products/8289788550?vendorItemId=90861703329&amp;sourceType=sdp_bottom_promotion&amp;searchId=feed-5817832f01054c3e982d0d4939ff8b1b-3.3.107:gw_promotion" class="impression-logged view-logged"><div class="promotion-item-image"><img alt="하리보 골드 베렌 간식용 젤리 대용량 60봉, 10g, 60개" loading="lazy" src="//thumbnail10.coupangcdn.com/thumbnails/remote/292x292q65ex/image/vendor_inventory/e30a/fade696ea50e6812e14728b8141114707cc0c5078aeeab8ab990969ffcc4.jpg"></div><div class="promotion-badge">특가진행중</div><div class="promotion-item-info-wrap"><div class="item-title">하리보 골드 베렌 간식용 젤리 대용량 60봉, 10g, 60개</div><div class="discount-contain"><span class="discount-text">와우할인가</span><span class="discount-rate">37%</span><span class="origin-price">19,900</span></div><div class="promotion-item-price-contain"><span class="sales-price">12,490원</span></div><div class="unit-price">(10g 208원)</div><div class="pdd-text">모레(금) 도착 예정</div><div class="delivery-text">무료배송</div><div class="promotion-item-review"><span class="split-bg item-review-score-bg"><span class="item-review-score split-bg" style="width: 90%;">90%</span></span><span class="promotion-item-review-count">(130)</span></div><div class="stock_percent_contain"><div class="progress_contain"><div class="progress_position" style="width: 99%;"></div></div><div class="progress_text">99 % 남음</div></div></div></a></li><li class="promotion-carousel-item"><a data-vendor-item-id="91430718573" data-vendor-id="A00606194" data-product-id="8288964916" data-item-id="20240760650" data-tracking-tag="" data-impression-log-uri="https://mercury.coupang.com/e.gif?t=101&amp;r=1Qz0olIgWHPMKppG1UrL8pZYtchpfr1H8olXvUR5ko_dAiiisJXLwnovAROTjZpd9wb_gwJT9QSVVOdvynlBvYT49GmA5sw12wT34tX4ZtCRyIVypD9gLvErQmEv_WbkRcOfZ0M1rxjSqAbKfYH_cFpp8T6NNOb2KTMdjBhb5Di6QYyEyVGp2IE1eWBRJ28LWGut4COtfQMNTKkVNoV5q-sPYk9IgnwvVFMMOegZ-TL6Fjt5z48BmZvBtyVUqfG1I97IrempfztfH2Oc3ZHqBoXI1v4Uhn7CnjA8gp-XPdnq8tiKQO2P7Y0SBzImYurgH9-G1TtALgY%3D" data-click-log-uri="https://mercury.coupang.com/e.gif?t=100&amp;r=vqufdg79tI4ZINRFvlG1qmtZdYqLdP5pd2ASinOYgvC8KgMpNYu2MEbzDrdR5Gze57BxI-m0gFJclbg16yjnCbWWFaOFrYffoRO1hUyOklTAfPZzX8IBD07zIuHqoqtATQpCe2qvYMpsGV3wGZNffn48_x6IAttwuQH-qB1m0xzpXavceUBbFKEk3aOT6L1I6zWJs818EzcQOpajtlWZDSUauVXB-HCQo-m5ow04fbBONQcZmzXOh-EzTIXVsd0WB1AAUcHybZEYWyEu26ox7X1cwrfOBPlmg2FSTvzgFsPWxL7lOPcEavRpPyj6gBw9Otv4" data-click-logging="{&quot;targetProductId&quot;:8288964916,&quot;targetVendorItemId&quot;:91430718573,&quot;targetItemId&quot;:20240760650,&quot;pageName&quot;:&quot;recommendation&quot;,&quot;domain&quot;:&quot;sdp&quot;,&quot;eventName&quot;:&quot;sdp_bottom_promotion&quot;}" data-adsplatform="{&quot;clickLogUri&quot;:&quot;https://mercury.coupang.com/e.gif?t=100&amp;r=vqufdg79tI4ZINRFvlG1qmtZdYqLdP5pd2ASinOYgvC8KgMpNYu2MEbzDrdR5Gze57BxI-m0gFJclbg16yjnCbWWFaOFrYffoRO1hUyOklTAfPZzX8IBD07zIuHqoqtATQpCe2qvYMpsGV3wGZNffn48_x6IAttwuQH-qB1m0xzpXavceUBbFKEk3aOT6L1I6zWJs818EzcQOpajtlWZDSUauVXB-HCQo-m5ow04fbBONQcZmzXOh-EzTIXVsd0WB1AAUcHybZEYWyEu26ox7X1cwrfOBPlmg2FSTvzgFsPWxL7lOPcEavRpPyj6gBw9Otv4&quot;, &quot;impressionLogUri&quot;:&quot;https://mercury.coupang.com/e.gif?t=101&amp;r=1Qz0olIgWHPMKppG1UrL8pZYtchpfr1H8olXvUR5ko_dAiiisJXLwnovAROTjZpd9wb_gwJT9QSVVOdvynlBvYT49GmA5sw12wT34tX4ZtCRyIVypD9gLvErQmEv_WbkRcOfZ0M1rxjSqAbKfYH_cFpp8T6NNOb2KTMdjBhb5Di6QYyEyVGp2IE1eWBRJ28LWGut4COtfQMNTKkVNoV5q-sPYk9IgnwvVFMMOegZ-TL6Fjt5z48BmZvBtyVUqfG1I97IrempfztfH2Oc3ZHqBoXI1v4Uhn7CnjA8gp-XPdnq8tiKQO2P7Y0SBzImYurgH9-G1TtALgY%3D&quot;, &quot;viewImpression&quot;: &quot;https://mercury.coupang.com/e.gif?t=102&amp;r=GH2gNaV0PBpLskgoGHo9cXQ5-ozaTHbZfTDFAP5YtFiUyxkrjj6fmb5GipVTNXyPu0XQ6_ZTk55EpLdQV0Efs7sKp0D9nSu4S5M__FuRkc5zYRbhznnu6FpWMjhqjKrWL4Q-RJ55eYNbR8vMn55gbS5ihzO6dTVPDNdi7R7-FucTWzOid8ILsp3lLU03zDKT1Gvkm5tC7hodCow1GdFIrhTSUJ9KevtBvFV9UbSBTDb-JiVhOOUkYu3Fdlnu8K1-1PXqcJb_umIzCcHtdZuKoLsOZ7OgBXzGHVz9YyA1lPbvvarog1P69GOrNaJMdcNu6wI%3D&quot; }" target="_blank" href="/vp/products/8288964916?vendorItemId=91430718573&amp;sourceType=sdp_bottom_promotion&amp;searchId=feed-5817832f01054c3e982d0d4939ff8b1b-3.3.107:gw_promotion" class="impression-logged view-logged"><div class="promotion-item-image"><img alt="코스트코 벨기에 커피사탕, 780g, 1개" loading="lazy" src="//thumbnail4.coupangcdn.com/thumbnails/remote/292x292q65ex/image/vendor_inventory/3330/dd47a2482ae037a31a4b154e9fc938fd9cc7584c48b3fb84e0d6a2eada74.png"></div><div class="promotion-badge">특가진행중</div><div class="promotion-item-info-wrap"><div class="item-title">코스트코 벨기에 커피사탕, 780g, 1개</div><div class="discount-contain"><span class="discount-text">와우할인가</span><span class="discount-rate">14%</span><span class="origin-price">13,480</span></div><div class="promotion-item-price-contain"><span class="sales-price">11,570원</span></div><div class="unit-price">(10g 148원)</div><div class="pdd-text">모레(금) 도착 예정</div><div class="delivery-text">무료배송</div><div class="promotion-item-review"><span class="split-bg item-review-score-bg"><span class="item-review-score split-bg" style="width: 90%;">90%</span></span><span class="promotion-item-review-count">(2,700)</span></div><div class="stock_percent_contain"><div class="progress_contain"><div class="progress_position" style="width: 89%;"></div></div><div class="progress_text">89 % 남음</div></div></div></a></li><li class="promotion-carousel-item"><a data-vendor-item-id="92215194425" data-vendor-id="A00396356" data-product-id="8686807850" data-item-id="25218801648" data-tracking-tag="" data-impression-log-uri="https://mercury.coupang.com/e.gif?t=101&amp;r=Btwjc9JxzACN2RwyBnqfnmIAX5EgYC3auM3wqQSonB4QyzxqFCrcinrQyfjEDY3hkDvr0oDFt_Yf_l2pVrEP1rlBUEGZ-Z47hxUsiPCMFXuD-_yCjWyxs_qYfa-e9HfbFRs_JIom5MgiDZ1hOoVrHB6KW2GHQ5x4muM-CF6H1skRk8f_wEDwMLxrwZUiB7e61qlF-GP5Kz5JqvI76t3KPiUCTnMrKt0qerd1QQP4bwxM19HV_DdBCtY21U9x3idVYgZzn_sZKTDHMR7v--79jEV-THfO_DknR0E_PZBKsd5G5v7ifwZCRJHWHX9Lc3hiyS1bVfRh0Tg%3D" data-click-log-uri="https://mercury.coupang.com/e.gif?t=100&amp;r=yjPf4PEPnQ1nlTklyuOi7rUSVk87xnVpGBNvfVS91xrfViJCQRhmCVxzkPUsfKrDcypZ29uvCCWKSQmvdUNLfPuJa2BztPsTltoCHJGlRwAn7MtLW4e9lKTR2XU5RHcGVTcWpYgus975nSTsoetO5Z--55WApmLMpKcreCo3IMzv8VyRqiGhAul8VzMpfVWLLtYt6OIktcthPmdbnkS7pYkxEPImg29BW_EQA_iBrD6lB3USi1r_riuHukPUezP9DcV4jAd2k16ICclisEBM-60rBlrnYkBM0Iu4dBKyYnnc0IruRlNY_XrVlvvQ-HefwB2G" data-click-logging="{&quot;targetProductId&quot;:8686807850,&quot;targetVendorItemId&quot;:92215194425,&quot;targetItemId&quot;:25218801648,&quot;pageName&quot;:&quot;recommendation&quot;,&quot;domain&quot;:&quot;sdp&quot;,&quot;eventName&quot;:&quot;sdp_bottom_promotion&quot;}" data-adsplatform="{&quot;clickLogUri&quot;:&quot;https://mercury.coupang.com/e.gif?t=100&amp;r=yjPf4PEPnQ1nlTklyuOi7rUSVk87xnVpGBNvfVS91xrfViJCQRhmCVxzkPUsfKrDcypZ29uvCCWKSQmvdUNLfPuJa2BztPsTltoCHJGlRwAn7MtLW4e9lKTR2XU5RHcGVTcWpYgus975nSTsoetO5Z--55WApmLMpKcreCo3IMzv8VyRqiGhAul8VzMpfVWLLtYt6OIktcthPmdbnkS7pYkxEPImg29BW_EQA_iBrD6lB3USi1r_riuHukPUezP9DcV4jAd2k16ICclisEBM-60rBlrnYkBM0Iu4dBKyYnnc0IruRlNY_XrVlvvQ-HefwB2G&quot;, &quot;impressionLogUri&quot;:&quot;https://mercury.coupang.com/e.gif?t=101&amp;r=Btwjc9JxzACN2RwyBnqfnmIAX5EgYC3auM3wqQSonB4QyzxqFCrcinrQyfjEDY3hkDvr0oDFt_Yf_l2pVrEP1rlBUEGZ-Z47hxUsiPCMFXuD-_yCjWyxs_qYfa-e9HfbFRs_JIom5MgiDZ1hOoVrHB6KW2GHQ5x4muM-CF6H1skRk8f_wEDwMLxrwZUiB7e61qlF-GP5Kz5JqvI76t3KPiUCTnMrKt0qerd1QQP4bwxM19HV_DdBCtY21U9x3idVYgZzn_sZKTDHMR7v--79jEV-THfO_DknR0E_PZBKsd5G5v7ifwZCRJHWHX9Lc3hiyS1bVfRh0Tg%3D&quot;, &quot;viewImpression&quot;: &quot;https://mercury.coupang.com/e.gif?t=102&amp;r=Q3OEs3GkK23MEQkqQ52HZMPz6PbowGAbsbSg27dJ2Iqipk6PaYZuISxtnMiEOLEgnIncfLOQlHJjgNgsL1CX0dQyGQbA77wHo-bGNJ5LA6c_g9ErMTDvqoK3sc0NONNiybwVWDW2kxmwZlXrkq1ePRds8XbYddgJWHnhKjJfrczBTjp7erJMRaPM_5x-KgGdv1A0G2hmfA3_UiCLodUJHXIr6OW8tfqHDF2OgrBH_Uf7ClqR3MXRuZb1UJBoejvPyQg9PM9g0nMiSMaUWlH420ye7sZAkZUmkjZKCDgb2Rrn0Yyi-f2gqpH8vtdWrtKrWZ0%3D&quot; }" target="_blank" href="/vp/products/8686807850?vendorItemId=92215194425&amp;sourceType=sdp_bottom_promotion&amp;searchId=feed-5817832f01054c3e982d0d4939ff8b1b-3.3.107:gw_promotion" class="impression-logged view-logged"><div class="promotion-item-image"><img alt="이가캔디 폭신폭신 말랑카우 밀크 딸기우유캔디 대용량 간식 120개입, 1개" loading="lazy" src="//thumbnail9.coupangcdn.com/thumbnails/remote/292x292q65ex/image/vendor_inventory/e09b/2ebd7b4f153ba08281c1cb0deab639ab01083f120b6805de8345757634fa.jpg"></div><div class="promotion-badge">특가진행중</div><div class="promotion-item-info-wrap"><div class="item-title">이가캔디 폭신폭신 말랑카우 밀크 딸기우유캔디 대용량 간식 120개입, 1개</div><div class="discount-contain"><span class="discount-text">와우할인가</span><span class="discount-rate">19%</span><span class="origin-price">20,990</span></div><div class="promotion-item-price-contain"><span class="sales-price">16,990원</span></div><div class="pdd-text">모레(금) 도착 예정</div><div class="delivery-text">무료배송</div><div class="promotion-item-review"><span class="split-bg item-review-score-bg"><span class="item-review-score split-bg" style="width: 100%;">100%</span></span><span class="promotion-item-review-count">(102)</span></div><div class="stock_percent_contain"><div class="progress_contain"><div class="progress_position" style="width: 97%;"></div></div><div class="progress_text">97 % 남음</div></div></div></a></li><li class="promotion-carousel-item"><a data-vendor-item-id="90823824123" data-vendor-id="A01211718" data-product-id="8773506858" data-item-id="24989851301" data-tracking-tag="" data-impression-log-uri="https://mercury.coupang.com/e.gif?t=101&amp;r=V5prD06aS5RHjGxAV9jOKeHtpuWikysIg0Mvprl-_hDArMcQqSIPRvDsKr3SRk7yXlSD5qmb1FZKl8sktoFPYbp3tCd_oCZiB4j1qDUH06XmyjkReQj6cwPjsmSbuNC7RNX9ybhH-6izSDB_0nbfWbkvF_a5ybSnx2utb2AZCfd7zWGFB5NT38I5mY9i--uZx6jbaxIH_VZEW1XojQKkUkhRxp5XB_5v50zhNT6ZsiZAENxuuE7AVgxN1Y76biLtMQzBZFVgP3nkAx6w5aX8EnTZmPZaYprd6D5_vckF7I4qttsSI3_XCd6VZx9AfYwdW1ugxq-cXW8%3D" data-click-log-uri="https://mercury.coupang.com/e.gif?t=100&amp;r=_aCEF4roSyhvVKmg_YyU27_9r-5UnIf_fJG9z99cgkrVbNbLx1uWnWennVUxySEqyL5YKVdAB7X4NiMrF2F0mExwdifNNEPSHQJ5J6KOpSl2VITtmd7uGl9v8rMODn3edXat8T0Uks8KUJlgcpq5CuGW6hJQyzekFdsDICObpGk6Zw5y7tW-DfT4jcZWTkE1jDfOQCxinHHq3aO5Y8XLpg3YxsDHHkSF7ww98Sf9uMNUKH4RfqXyOvjjoS1UmGXn7ec_dzZB7etdS1topBaDt7qenfyLSjPzq8uGBar2FYyZkMT2t8kOiv3x80CD8IgZetnl" data-click-logging="{&quot;targetProductId&quot;:8773506858,&quot;targetVendorItemId&quot;:90823824123,&quot;targetItemId&quot;:24989851301,&quot;pageName&quot;:&quot;recommendation&quot;,&quot;domain&quot;:&quot;sdp&quot;,&quot;eventName&quot;:&quot;sdp_bottom_promotion&quot;}" data-adsplatform="{&quot;clickLogUri&quot;:&quot;https://mercury.coupang.com/e.gif?t=100&amp;r=_aCEF4roSyhvVKmg_YyU27_9r-5UnIf_fJG9z99cgkrVbNbLx1uWnWennVUxySEqyL5YKVdAB7X4NiMrF2F0mExwdifNNEPSHQJ5J6KOpSl2VITtmd7uGl9v8rMODn3edXat8T0Uks8KUJlgcpq5CuGW6hJQyzekFdsDICObpGk6Zw5y7tW-DfT4jcZWTkE1jDfOQCxinHHq3aO5Y8XLpg3YxsDHHkSF7ww98Sf9uMNUKH4RfqXyOvjjoS1UmGXn7ec_dzZB7etdS1topBaDt7qenfyLSjPzq8uGBar2FYyZkMT2t8kOiv3x80CD8IgZetnl&quot;, &quot;impressionLogUri&quot;:&quot;https://mercury.coupang.com/e.gif?t=101&amp;r=V5prD06aS5RHjGxAV9jOKeHtpuWikysIg0Mvprl-_hDArMcQqSIPRvDsKr3SRk7yXlSD5qmb1FZKl8sktoFPYbp3tCd_oCZiB4j1qDUH06XmyjkReQj6cwPjsmSbuNC7RNX9ybhH-6izSDB_0nbfWbkvF_a5ybSnx2utb2AZCfd7zWGFB5NT38I5mY9i--uZx6jbaxIH_VZEW1XojQKkUkhRxp5XB_5v50zhNT6ZsiZAENxuuE7AVgxN1Y76biLtMQzBZFVgP3nkAx6w5aX8EnTZmPZaYprd6D5_vckF7I4qttsSI3_XCd6VZx9AfYwdW1ugxq-cXW8%3D&quot;, &quot;viewImpression&quot;: &quot;https://mercury.coupang.com/e.gif?t=102&amp;r=VGZgcB3NVGHnK4wCVIkIlieSjPSAXloC1VDpBm667D8tlLwMDovSUmCArPP8WT7dSkJiQqjifIXSMSdQp9BVdVieS3dpIpgG7htHj6zhG3m4bLAmFwzF6kAO1MiDsSQWNHcZ4i391UP-DZ8W0ZpNLoiJ6RZbQOVQ-DQRXF0YyWy118qmv5JQEeLC6A3txy1DnAMEX4mFS2cSd8NIXu-LY6aPAIgjaERCVvIe_9ax7n3sRGvaYKgr0RDsRNq2n97qEcYG9CZLKeOQWgOC6FQmfHhaZzTtFNxzG8lfeXxZ5bfiuPxOjnODDgu_NwlEGiv_sPw%3D&quot; }" target="_blank" href="/vp/products/8773506858?vendorItemId=90823824123&amp;sourceType=sdp_bottom_promotion&amp;searchId=feed-5817832f01054c3e982d0d4939ff8b1b-3.3.107:gw_promotion" class="impression-logged view-logged"><div class="promotion-item-image"><img alt="해피밸리 코피코 커피사탕 대용량 카푸치노 캔디 200개 (개별포장), 1개" loading="lazy" src="//thumbnail4.coupangcdn.com/thumbnails/remote/292x292q65ex/image/vendor_inventory/7a33/8b953fb5e7231d2fd385a0aebe27d8f47a7ddff66e327c50f30d46cddca6.jpg"></div><div class="promotion-badge">특가진행중</div><div class="promotion-item-info-wrap"><div class="item-title">해피밸리 코피코 커피사탕 대용량 카푸치노 캔디 200개 (개별포장), 1개</div><div class="discount-contain"><span class="discount-text">와우할인가</span><span class="discount-rate">35%</span><span class="origin-price">21,990</span></div><div class="promotion-item-price-contain"><span class="sales-price">14,160원</span><img alt="https://image6.coupangcdn.com/image/mypromotion/icons/new_xpc_rod.png" class="jikgu-badge" loading="lazy" src="https://image6.coupangcdn.com/image/mypromotion/icons/new_xpc_rod.png"></div><div class="pdd-text">내일(목) 도착 보장</div><div class="promotion-item-review"><span class="split-bg item-review-score-bg"><span class="item-review-score split-bg" style="width: 100%;">100%</span></span><span class="promotion-item-review-count">(286)</span></div><div class="stock_percent_contain"><div class="progress_contain"><div class="progress_position" style="width: 91%;"></div></div><div class="progress_text">91 % 남음</div></div></div></a></li><li class="promotion-carousel-item"><a data-vendor-item-id="92375358786" data-vendor-id="A00043497" data-product-id="8734173238" data-item-id="25381340468" data-tracking-tag="" data-impression-log-uri="https://mercury.coupang.com/e.gif?t=101&amp;r=ud6U3PaLfJHywBalubQl09Foi3tlCgVrX4cS9jOZUtRnm4HKKyLWmVP0zJ_P4vIKsXSp8Subvh3GWNEcdqndAOyoVZ_OMZtzDwyzhiMb6OKTwvWNh08mQNMDZazXsRFuz3w0jhYY_-_kJA2ulghpivHo_SVPdx7SpL5aTyEwziZpSs4GPE5NU79Q3ZitGQ53KmQi3MNxqFqeoisoYMua8wJmRLwWkOx4ZoxtSf5w1BFLHYgjSouMm18Ik6TdEYHpHrRGgvTh-T7oF9jCvG4jzhpjetM81Wzd2PZdMOb1xMwHfaix3OnZMp8nERUwmcioRuqRFgUQNKU%3D" data-click-log-uri="https://mercury.coupang.com/e.gif?t=100&amp;r=97Y8oGO9q1SxqnbH96l9bApgOvPvYFqzWyFQzijnBq4vWUvy7xhUi3-lhw9Bf2WqzTFE7ei6BfKGygUvj5jzOnCHH-1p2nbOWvY9brHUK1aUToCLqrEy12OLg5o8FH1_x_ZWKYkZOXPOIv0Rk5CdJgQt6LvMPdJiEgbi7LaLuP0I-7q5eZzQrfO0ToiCNaXxSQFbH6ZpRxeRzd5OmAPDz6oYhbLPZcWVmF6whimXpg-l8W1FCfukvZiGy6OC-INwndHVcFthsJLKP3y5jK6OvGb7aEQNKZueCDhR3wyZY2zEA8ol6USGpdqC7xP-qscMTRFD" data-click-logging="{&quot;targetProductId&quot;:8734173238,&quot;targetVendorItemId&quot;:92375358786,&quot;targetItemId&quot;:25381340468,&quot;pageName&quot;:&quot;recommendation&quot;,&quot;domain&quot;:&quot;sdp&quot;,&quot;eventName&quot;:&quot;sdp_bottom_promotion&quot;}" data-adsplatform="{&quot;clickLogUri&quot;:&quot;https://mercury.coupang.com/e.gif?t=100&amp;r=97Y8oGO9q1SxqnbH96l9bApgOvPvYFqzWyFQzijnBq4vWUvy7xhUi3-lhw9Bf2WqzTFE7ei6BfKGygUvj5jzOnCHH-1p2nbOWvY9brHUK1aUToCLqrEy12OLg5o8FH1_x_ZWKYkZOXPOIv0Rk5CdJgQt6LvMPdJiEgbi7LaLuP0I-7q5eZzQrfO0ToiCNaXxSQFbH6ZpRxeRzd5OmAPDz6oYhbLPZcWVmF6whimXpg-l8W1FCfukvZiGy6OC-INwndHVcFthsJLKP3y5jK6OvGb7aEQNKZueCDhR3wyZY2zEA8ol6USGpdqC7xP-qscMTRFD&quot;, &quot;impressionLogUri&quot;:&quot;https://mercury.coupang.com/e.gif?t=101&amp;r=ud6U3PaLfJHywBalubQl09Foi3tlCgVrX4cS9jOZUtRnm4HKKyLWmVP0zJ_P4vIKsXSp8Subvh3GWNEcdqndAOyoVZ_OMZtzDwyzhiMb6OKTwvWNh08mQNMDZazXsRFuz3w0jhYY_-_kJA2ulghpivHo_SVPdx7SpL5aTyEwziZpSs4GPE5NU79Q3ZitGQ53KmQi3MNxqFqeoisoYMua8wJmRLwWkOx4ZoxtSf5w1BFLHYgjSouMm18Ik6TdEYHpHrRGgvTh-T7oF9jCvG4jzhpjetM81Wzd2PZdMOb1xMwHfaix3OnZMp8nERUwmcioRuqRFgUQNKU%3D&quot;, &quot;viewImpression&quot;: &quot;https://mercury.coupang.com/e.gif?t=102&amp;r=F8v-lLQVEvLWO8TCFzxy1MoxmIalQDngdRqSIXiCgXWKxa5wwQuAmSdBs4pECVIg2wDcC90PAWa0yejI3Jlz0ArvJ-8qlhUyr8Ak2Mq3ZRqkqNacagIniiWhI08THIwk0AbQICQr5A5WZAeHNs3DS7t_3CX0pvt9NfttXQhh_my_IOk9H7af-iCrDz7cT6c8z4JUJzAzGQDhEEv2QbmE2925l2frkP31IojsLekav8WbFLvg_dydzn1snd1A7qXG0GTxsEob7XFflS0RpUUOw7fy-L6iWAwt35TRHW1cBQn_UlxOZhfN4qaICmqhZD7LUXs%3D&quot; }" target="_blank" href="/vp/products/8734173238?vendorItemId=92375358786&amp;sourceType=sdp_bottom_promotion&amp;searchId=feed-5817832f01054c3e982d0d4939ff8b1b-3.3.107:gw_promotion" class="impression-logged view-logged"><div class="promotion-item-image"><img alt="후르츠스낵젤리, 1개, 600g" loading="lazy" src="//thumbnail5.coupangcdn.com/thumbnails/remote/292x292q65ex/image/vendor_inventory/22e4/12865fcf380ee6fb6fc509f465d75c6560e416545366a5c5170ed480206a.jpg"></div><div class="promotion-badge">특가진행중</div><div class="promotion-item-info-wrap"><div class="item-title">후르츠스낵젤리, 1개, 600g</div><div class="discount-contain"><span class="discount-text">와우할인가</span><span class="discount-rate">52%</span><span class="origin-price">23,000</span></div><div class="promotion-item-price-contain"><span class="sales-price">10,950원</span><img alt="https://image6.coupangcdn.com/image/mypromotion/icons/new_xpc_rod.png" class="jikgu-badge" loading="lazy" src="https://image6.coupangcdn.com/image/mypromotion/icons/new_xpc_rod.png"></div><div class="unit-price">(10g 183원)</div><div class="pdd-text">내일(목) 도착 보장</div><div class="promotion-item-review"><span class="split-bg item-review-score-bg"><span class="item-review-score split-bg" style="width: 100%;">100%</span></span><span class="promotion-item-review-count">(91)</span></div><div class="stock_percent_contain"><div class="progress_contain"><div class="progress_position" style="width: 1%;"></div></div><div class="progress_text">1 % 남음</div></div></div></a></li><li class="promotion-carousel-item"><a data-vendor-item-id="88268341605" data-vendor-id="A00615494" data-product-id="7814656920" data-item-id="21207118018" data-tracking-tag="" data-impression-log-uri="https://mercury.coupang.com/e.gif?t=101&amp;r=QDipuEKcpnST1SoSQDpUuXdSoQqtdYkyiuAFx__mRYBSwUrC_uHSRz4pIWNzRt0Vv6iY0CHZImFi4pPWAXM60QM7l6UCkjf8wKovKkQXXBEE-lPaRgcsnegqwMCa9Tmooh7MTc7_FM4U7xXj3UXIaSn9IXLkt_Q8ufb_zHuievIOr64NmiwrGOJ2mUaqHX8__lr1_FLXQAobXi6ps4cMtG0sz8ZfIarMLisUUklPtuSdHizuPyetpZv8YQgN08AbbvRujl4LoUxglI5R2TXhEdO9Im3G7pJRhqkabwh7fiiiNOQfpEGhNxtgNO7H7JZmqUKjeYDCsCo%3D" data-click-log-uri="https://mercury.coupang.com/e.gif?t=100&amp;r=-sR1aNVAWcsAciaq-qp_31TeVN5djIhHnpVDChUaIEcGff823WmLbuYy-baPVk5A4grp9x15GCyRtRx0lFVkIdXymc8DDT0MtbvmedP6gJx5G-t4T7J26jlBpRN70ry5n7ZT35E3f1_6JYOs-i2Rl4HRsjP2XuR-oHvHkYDmC8WYcl_b_1nS51ZTHs_zQQIWjfR0yiTtKutS4I-0yMD2GMIqsKgVLokMWoWR2XzalkD3NxBs6-pX1I9eF7Bm1Vo7wbRJ0Vd9-TCJJzCAeg34xS31gJuNDrE6ecPSOt1cH1QtH1Sej-eMlYxaO7dYGeRoob88" data-click-logging="{&quot;targetProductId&quot;:7814656920,&quot;targetVendorItemId&quot;:88268341605,&quot;targetItemId&quot;:21207118018,&quot;pageName&quot;:&quot;recommendation&quot;,&quot;domain&quot;:&quot;sdp&quot;,&quot;eventName&quot;:&quot;sdp_bottom_promotion&quot;}" data-adsplatform="{&quot;clickLogUri&quot;:&quot;https://mercury.coupang.com/e.gif?t=100&amp;r=-sR1aNVAWcsAciaq-qp_31TeVN5djIhHnpVDChUaIEcGff823WmLbuYy-baPVk5A4grp9x15GCyRtRx0lFVkIdXymc8DDT0MtbvmedP6gJx5G-t4T7J26jlBpRN70ry5n7ZT35E3f1_6JYOs-i2Rl4HRsjP2XuR-oHvHkYDmC8WYcl_b_1nS51ZTHs_zQQIWjfR0yiTtKutS4I-0yMD2GMIqsKgVLokMWoWR2XzalkD3NxBs6-pX1I9eF7Bm1Vo7wbRJ0Vd9-TCJJzCAeg34xS31gJuNDrE6ecPSOt1cH1QtH1Sej-eMlYxaO7dYGeRoob88&quot;, &quot;impressionLogUri&quot;:&quot;https://mercury.coupang.com/e.gif?t=101&amp;r=QDipuEKcpnST1SoSQDpUuXdSoQqtdYkyiuAFx__mRYBSwUrC_uHSRz4pIWNzRt0Vv6iY0CHZImFi4pPWAXM60QM7l6UCkjf8wKovKkQXXBEE-lPaRgcsnegqwMCa9Tmooh7MTc7_FM4U7xXj3UXIaSn9IXLkt_Q8ufb_zHuievIOr64NmiwrGOJ2mUaqHX8__lr1_FLXQAobXi6ps4cMtG0sz8ZfIarMLisUUklPtuSdHizuPyetpZv8YQgN08AbbvRujl4LoUxglI5R2TXhEdO9Im3G7pJRhqkabwh7fiiiNOQfpEGhNxtgNO7H7JZmqUKjeYDCsCo%3D&quot;, &quot;viewImpression&quot;: &quot;https://mercury.coupang.com/e.gif?t=102&amp;r=5OpCifxQf43ZMwTG5HUV3QwB5KvGv1bkPxqQoVFd-khBZwdMcBTaxZ5t2Wzp4XjX_7Hot44w8xyDkSy2hKqOBcUoAbCna8haGFbxiq5arMNkgj8DfIoyd5a-ECDTVWkQUj5AGnKG0sklXGo9IXBs9cQ4EAzgYbVPJ1QG3OixmrXclh5BLXg2yh8uyL2Mm2NDGmfC03Dp2N2I1Hys0nK0mxS9gimufghHoXrq-QKbULg0Ue4HGdGU6s00aB7JkTWvyAZU7zl3O6UT8neqyACtEJYgh-5WDDAqYhguJn-VnZJuT9JsXJ7mnbvTu84B5FPo2BM%3D&quot; }" target="_blank" href="/vp/products/7814656920?vendorItemId=88268341605&amp;sourceType=sdp_bottom_promotion&amp;searchId=feed-5817832f01054c3e982d0d4939ff8b1b-3.3.107:gw_promotion" class="impression-logged view-logged"><div class="promotion-item-image"><img alt="스니커즈 미니어쳐 간식용 초코바 (개별포장), 60개" loading="lazy" src="//thumbnail3.coupangcdn.com/thumbnails/remote/292x292q65ex/image/vendor_inventory/6800/5c931bfd5bf2c727041d383ae6cc5cacf0aef986686a36930edab0f83cd0.jpg"></div><div class="promotion-badge">특가진행중</div><div class="promotion-item-info-wrap"><div class="item-title">스니커즈 미니어쳐 간식용 초코바 (개별포장), 60개</div><div class="discount-contain"><span class="discount-text">와우할인가</span><span class="discount-rate">27%</span><span class="origin-price">22,900</span></div><div class="promotion-item-price-contain"><span class="sales-price">16,630원</span></div><div class="pdd-text">모레(금) 도착 예정</div><div class="delivery-text">무료배송</div><div class="promotion-item-review"><span class="split-bg item-review-score-bg"><span class="item-review-score split-bg" style="width: 90%;">90%</span></span><span class="promotion-item-review-count">(654)</span></div><div class="stock_percent_contain"><div class="progress_contain"><div class="progress_position" style="width: 98%;"></div></div><div class="progress_text">98 % 남음</div></div></div></a></li><li class="promotion-carousel-item"><a data-vendor-item-id="91716681831" data-vendor-id="A00633476" data-product-id="8213422458" data-item-id="23403854578" data-tracking-tag="" data-impression-log-uri="https://mercury.coupang.com/e.gif?t=101&amp;r=bpO9u1tQFiluKcIlbk-VMarLcWnsKNKjXaYhEcx52pGCttVE0icaN0N_fyO-x3zj6UMsKY340KVoQj2gQmw9cHkufu6bGTMj7nX6ugCxRIsI1Dw7q3GkiluCTQqcH7SQ8ZmcGsRnbt7-eyqzc6lJgVQNSqehtoFZ7HJGk6GHYbC2EwLoztXRbzGXexZhbujgNwIZdKc3Bi9UXxbRdLSaSNUoFGvjmmkPbh90BE4UGbDtYJCqgeIpa8HchJb6TpqmWz3L-_L44yygBhf82uWSl6DTv-XJCUSNlB-PG5reYUXAVN-isq14pqpEO11wQz8V9jZ7RLpH0EI%3D" data-click-log-uri="https://mercury.coupang.com/e.gif?t=100&amp;r=AUKQol1Z2Uo_SuksAaECH_0FKAf2pUvLfIbxdSR9PUslx8OatzMvBR_uEdjRsVYGDxxbSWKLItEDA_e-qzImsEgTjOFyhZ_wXq-JEqvaeWODygWtZS0pHi9stY4K4BzU9YtyQnuqKHSy2029mCr2ATSeWAqC1uoTm2mretsDHT-DPYVOJdQUuzNakKSzPvgZ0vpunDd95gpTucilT0ouNXDfhqJCLeMWaGxmtA24fNRcYR_XfNBRfuqfvX7FkMSQMJal3_nueiH8CGp0ec8T8rRYkgCaL8nHAAW8_9ELYWem2L2hyYXsJj4s-V7Ci8QdmGrv" data-click-logging="{&quot;targetProductId&quot;:8213422458,&quot;targetVendorItemId&quot;:91716681831,&quot;targetItemId&quot;:23403854578,&quot;pageName&quot;:&quot;recommendation&quot;,&quot;domain&quot;:&quot;sdp&quot;,&quot;eventName&quot;:&quot;sdp_bottom_promotion&quot;}" data-adsplatform="{&quot;clickLogUri&quot;:&quot;https://mercury.coupang.com/e.gif?t=100&amp;r=AUKQol1Z2Uo_SuksAaECH_0FKAf2pUvLfIbxdSR9PUslx8OatzMvBR_uEdjRsVYGDxxbSWKLItEDA_e-qzImsEgTjOFyhZ_wXq-JEqvaeWODygWtZS0pHi9stY4K4BzU9YtyQnuqKHSy2029mCr2ATSeWAqC1uoTm2mretsDHT-DPYVOJdQUuzNakKSzPvgZ0vpunDd95gpTucilT0ouNXDfhqJCLeMWaGxmtA24fNRcYR_XfNBRfuqfvX7FkMSQMJal3_nueiH8CGp0ec8T8rRYkgCaL8nHAAW8_9ELYWem2L2hyYXsJj4s-V7Ci8QdmGrv&quot;, &quot;impressionLogUri&quot;:&quot;https://mercury.coupang.com/e.gif?t=101&amp;r=bpO9u1tQFiluKcIlbk-VMarLcWnsKNKjXaYhEcx52pGCttVE0icaN0N_fyO-x3zj6UMsKY340KVoQj2gQmw9cHkufu6bGTMj7nX6ugCxRIsI1Dw7q3GkiluCTQqcH7SQ8ZmcGsRnbt7-eyqzc6lJgVQNSqehtoFZ7HJGk6GHYbC2EwLoztXRbzGXexZhbujgNwIZdKc3Bi9UXxbRdLSaSNUoFGvjmmkPbh90BE4UGbDtYJCqgeIpa8HchJb6TpqmWz3L-_L44yygBhf82uWSl6DTv-XJCUSNlB-PG5reYUXAVN-isq14pqpEO11wQz8V9jZ7RLpH0EI%3D&quot;, &quot;viewImpression&quot;: &quot;https://mercury.coupang.com/e.gif?t=102&amp;r=te71dHi1HN18nWoPtVCINeDYq0VKf4I4NGXS8Ifl_OI_AY72YdBbGQ-fUnZem5asQDTeSTcsvt6RF3qQvUa0VsXgxmN69bgAZDH0OkWApJEv8l7-SB8PNOUdhJzQt5Fk1lSQ59o6Q2Yh6nJ1ImpP5CwkPGkU_kT5I5qPr3Nfrqft4eE7OQ1DMIvdkbifnBjgSA0xJKRri4Yw-h2R3B-T6Rf8p3KZnCg4tZxAUhrdWwi2YyIHrLZyi7Hnn_VSE5MPYY4hkU5302UvLcN7zSdi_Y47LvD-8ad0JGiecQr4aVByynjoGum_OVB2OCHNvOKhOgc%3D&quot; }" target="_blank" href="/vp/products/8213422458?vendorItemId=91716681831&amp;sourceType=sdp_bottom_promotion&amp;searchId=feed-5817832f01054c3e982d0d4939ff8b1b-3.3.107:gw_promotion" class="impression-logged view-logged"><div class="promotion-item-image"><img alt="애플망고 젤리, 1kg, 1개" loading="lazy" src="//thumbnail2.coupangcdn.com/thumbnails/remote/292x292q65ex/image/vendor_inventory/cbcf/5a9af289509ccac495870209ca8f537eb4032bf4757bfed8da6d90a1d384.jpg"></div><div class="promotion-badge">특가진행중</div><div class="promotion-item-info-wrap"><div class="item-title">애플망고 젤리, 1kg, 1개</div><div class="discount-contain"><span class="discount-text">와우할인가</span><span class="discount-rate">38%</span><span class="origin-price">14,000</span></div><div class="promotion-item-price-contain"><span class="sales-price">8,580원</span><img alt="https://image6.coupangcdn.com/image/mypromotion/icons/new_xpc_rod.png" class="jikgu-badge" loading="lazy" src="https://image6.coupangcdn.com/image/mypromotion/icons/new_xpc_rod.png"></div><div class="unit-price">(10g 86원)</div><div class="pdd-text">내일(목) 도착 보장</div><div class="promotion-item-review"><span class="split-bg item-review-score-bg"><span class="item-review-score split-bg" style="width: 90%;">90%</span></span><span class="promotion-item-review-count">(15,902)</span></div><div class="stock_percent_contain"><div class="progress_contain"><div class="progress_position" style="width: 95%;"></div></div><div class="progress_text">95 % 남음</div></div></div></a></li><li class="promotion-carousel-item"><a data-vendor-item-id="85342339733" data-vendor-id="A00332544" data-product-id="30096956" data-item-id="98642234" data-tracking-tag="" data-impression-log-uri="https://mercury.coupang.com/e.gif?t=101&amp;r=HAm6i3tsx3JClRWqHNwJHdKCgRVEV3tSjuLFAspvvPBfPBFp3fOYJyC6y5rPsRmUGMlKXrPvlVLjIi1XrDrvP64FTIPZkPb0qHfBK90s7Sa4OaOeAtH57phc040HZwgIdjueaW5q-Ixh2D_-UL05-jsSL7mUDjGTq5MzzXi1UigVVW59IIhg3H0kMWMvls5CmCcVXnaRqWkCgaUyApt6KolQy71f5eLAZW4BmnC0-R0gyI7NJyo-CRxFtMAo8r5GsH8d5tfol4x3GTA6YbDBCIMO8OETFPldiv2Pve5qe9hgimoUzOlMAv10MxyhqA7HBmZzyVyuug%3D%3D" data-click-log-uri="https://mercury.coupang.com/e.gif?t=100&amp;r=QznQpjEXop2JsKXUQ6SYCrwWZ3GEUptNmgqI2tKxFsuZ1c27L_-_Clu4ToKE8wSCf4NBWyb0GghAFmmqC31j6elj3ZbfMoFkVCZ0JO6JrWQ9ATaT8ZXIsUwXBRTeQePIydWDbfzNYOLIB4wnFhR7lqMFagZkCpZK2kzGqyYUs9zEyI-ZvQ87SN9ePvfYWvy0b9XvUI6fr_mHNFgzcmF89Z9MELR0ygilmrdTCY8w2X42qM4j9tejUAW9rFkVnsrYoNDHltOwXyWe4AC1njOCi3hSkhwmt3KocVbQ0IH-AoHBvGKmrTJPyfKBFbbOvGWIg9g%3D" data-click-logging="{&quot;targetProductId&quot;:30096956,&quot;targetVendorItemId&quot;:85342339733,&quot;targetItemId&quot;:98642234,&quot;pageName&quot;:&quot;recommendation&quot;,&quot;domain&quot;:&quot;sdp&quot;,&quot;eventName&quot;:&quot;sdp_bottom_promotion&quot;}" data-adsplatform="{&quot;clickLogUri&quot;:&quot;https://mercury.coupang.com/e.gif?t=100&amp;r=QznQpjEXop2JsKXUQ6SYCrwWZ3GEUptNmgqI2tKxFsuZ1c27L_-_Clu4ToKE8wSCf4NBWyb0GghAFmmqC31j6elj3ZbfMoFkVCZ0JO6JrWQ9ATaT8ZXIsUwXBRTeQePIydWDbfzNYOLIB4wnFhR7lqMFagZkCpZK2kzGqyYUs9zEyI-ZvQ87SN9ePvfYWvy0b9XvUI6fr_mHNFgzcmF89Z9MELR0ygilmrdTCY8w2X42qM4j9tejUAW9rFkVnsrYoNDHltOwXyWe4AC1njOCi3hSkhwmt3KocVbQ0IH-AoHBvGKmrTJPyfKBFbbOvGWIg9g%3D&quot;, &quot;impressionLogUri&quot;:&quot;https://mercury.coupang.com/e.gif?t=101&amp;r=HAm6i3tsx3JClRWqHNwJHdKCgRVEV3tSjuLFAspvvPBfPBFp3fOYJyC6y5rPsRmUGMlKXrPvlVLjIi1XrDrvP64FTIPZkPb0qHfBK90s7Sa4OaOeAtH57phc040HZwgIdjueaW5q-Ixh2D_-UL05-jsSL7mUDjGTq5MzzXi1UigVVW59IIhg3H0kMWMvls5CmCcVXnaRqWkCgaUyApt6KolQy71f5eLAZW4BmnC0-R0gyI7NJyo-CRxFtMAo8r5GsH8d5tfol4x3GTA6YbDBCIMO8OETFPldiv2Pve5qe9hgimoUzOlMAv10MxyhqA7HBmZzyVyuug%3D%3D&quot;, &quot;viewImpression&quot;: &quot;https://mercury.coupang.com/e.gif?t=102&amp;r=t8qvxC7F6I-6hLqpt_x9RIpuDRfBmddY7DGqmuEZZFQjzaSajDGj-QqNGT3m_Rm7Lv19IuDoBUvzDKsRW0m9RrwXkfwfJoO3BsfvYUZH-TiQOMj-T_dJhpWYRzs2FGocZgnQpAo0w9lEHB64JcUrUFFCr8AhSvWfYUqi3uT_QO8QUD0iRDeMOerO8kYy8PhATdy815-4VNyDsWlNCwP4fDJ-pSo2xe-woyJtsVE6UOmN0fpPI12dKdOOGfI2_zp2_8DCdesoqU_GnOdoVrmmIXN42xCH2vKJhwkkMv846JJ-lUcertIUPav3XpUi3TB0zg%3D%3D&quot; }" target="_blank" href="/vp/products/30096956?vendorItemId=85342339733&amp;sourceType=sdp_bottom_promotion&amp;searchId=feed-5817832f01054c3e982d0d4939ff8b1b-3.3.107:gw_promotion" class="impression-logged view-logged"><div class="promotion-item-image"><img alt="러버덕 망고젤리 504g, 1개" loading="lazy" src="//thumbnail5.coupangcdn.com/thumbnails/remote/292x292q65ex/image/vendor_inventory/b0b0/9f2d09121d7302918ad4fd4f4fec6a7d3abb2bdac16b93dd59d7b7455f08.jpg"></div><div class="promotion-badge">특가진행중</div><div class="promotion-item-info-wrap"><div class="item-title">러버덕 망고젤리 504g, 1개</div><div class="discount-contain"><span class="discount-text">와우할인가</span><span class="discount-rate">52%</span><span class="origin-price">30,000</span></div><div class="promotion-item-price-contain"><span class="sales-price">14,380원</span><img alt="https://image6.coupangcdn.com/image/mypromotion/icons/new_xpc_rod.png" class="jikgu-badge" loading="lazy" src="https://image6.coupangcdn.com/image/mypromotion/icons/new_xpc_rod.png"></div><div class="unit-price">(10g 285원)</div><div class="pdd-text">내일(목) 도착 보장</div><div class="promotion-item-review"><span class="split-bg item-review-score-bg"><span class="item-review-score split-bg" style="width: 90%;">90%</span></span><span class="promotion-item-review-count">(3,724)</span></div><div class="stock_percent_contain"><div class="progress_contain"><div class="progress_position" style="width: 93%;"></div></div><div class="progress_text">93 % 남음</div></div></div></a></li><li class="promotion-carousel-item"><a data-vendor-item-id="86440729411" data-vendor-id="A00615494" data-product-id="8106910494" data-item-id="22949706216" data-tracking-tag="" data-impression-log-uri="https://mercury.coupang.com/e.gif?t=101&amp;r=kWPNIhg-efQSCZ1RkS0QgU1h8sPm6JkObqV68fMLcAEJvw44sPldx_nRj1NVMbIFKJ0A0AFXscZhvJihtZynVEU-2P0H10VFGHdE7yb9nffE3mQ6Itj2I7k0jHFsh16GNN8QqoL_JeVyMCWUpX2YXfJbet26OFD4eosd3qSYxcaJsQLuKpxSPVMZlPbe1byMSFb_tN-QOoJsY1Iussne4PAK6hIOYSm1vH7cMy4o_GfdEvxpdJ-XY_OXvHSpVgmWon9iUv6hYv-EOIhW7Q6FdWgH4ZtpxHzGRwMd80NYhF_SXON-Dzdob0dIKVxeBG-pS2bWtw1t9rk%3D" data-click-log-uri="https://mercury.coupang.com/e.gif?t=100&amp;r=VtzrPYpbNow-3DqOVkgHKfsqK2Kabbx7RyNEjybvJ6O4lIuX3tKz2wyD4cgA9Kuzqvx2n_yVSWV4ufglz9lnpkiPZnn2VDoxnLBFXZkcZlbHTnMomAt9P5kTnDBnCEC6xk232n6Eftw14isSz56zIJ0edLTWAB4Ype-jhW1Znz2RIz_FPmbVCroSxr9dT-yjiJC3v0lwWaV4RsSPNpA1K0mziw4WrRofuPYR3cyqwUqQWpBhTeETJO3E3qORR1QlJA-9XlFMWuEQzk9xGDxp21l9zTFh0gASu511NunsNGgN2-XdXPGtgxAed2PqBq3waciA" data-click-logging="{&quot;targetProductId&quot;:8106910494,&quot;targetVendorItemId&quot;:86440729411,&quot;targetItemId&quot;:22949706216,&quot;pageName&quot;:&quot;recommendation&quot;,&quot;domain&quot;:&quot;sdp&quot;,&quot;eventName&quot;:&quot;sdp_bottom_promotion&quot;}" data-adsplatform="{&quot;clickLogUri&quot;:&quot;https://mercury.coupang.com/e.gif?t=100&amp;r=VtzrPYpbNow-3DqOVkgHKfsqK2Kabbx7RyNEjybvJ6O4lIuX3tKz2wyD4cgA9Kuzqvx2n_yVSWV4ufglz9lnpkiPZnn2VDoxnLBFXZkcZlbHTnMomAt9P5kTnDBnCEC6xk232n6Eftw14isSz56zIJ0edLTWAB4Ype-jhW1Znz2RIz_FPmbVCroSxr9dT-yjiJC3v0lwWaV4RsSPNpA1K0mziw4WrRofuPYR3cyqwUqQWpBhTeETJO3E3qORR1QlJA-9XlFMWuEQzk9xGDxp21l9zTFh0gASu511NunsNGgN2-XdXPGtgxAed2PqBq3waciA&quot;, &quot;impressionLogUri&quot;:&quot;https://mercury.coupang.com/e.gif?t=101&amp;r=kWPNIhg-efQSCZ1RkS0QgU1h8sPm6JkObqV68fMLcAEJvw44sPldx_nRj1NVMbIFKJ0A0AFXscZhvJihtZynVEU-2P0H10VFGHdE7yb9nffE3mQ6Itj2I7k0jHFsh16GNN8QqoL_JeVyMCWUpX2YXfJbet26OFD4eosd3qSYxcaJsQLuKpxSPVMZlPbe1byMSFb_tN-QOoJsY1Iussne4PAK6hIOYSm1vH7cMy4o_GfdEvxpdJ-XY_OXvHSpVgmWon9iUv6hYv-EOIhW7Q6FdWgH4ZtpxHzGRwMd80NYhF_SXON-Dzdob0dIKVxeBG-pS2bWtw1t9rk%3D&quot;, &quot;viewImpression&quot;: &quot;https://mercury.coupang.com/e.gif?t=102&amp;r=Ji3VZJX1_ePDLQKsJkewP789fWlYzZTEHPxduY0aFWKjWWBo1lr_pu7Y8qXaeH6svNCtuX_WV7NTZ-DqSgfD-JLH_yMqXviTxVI_KuaZLs4QbJjxDZ1iVRsNA867UbWQwiKvJojLSIodumMVlXeTraXYuMXYsqeC7mx4SnJsLTnH1nT98PmBKRabLJDIS6Y6GoWsn2-Hq9xDwxWT_Dy8bPHKqxD8B36mhAhqPoHsO3t8KVzGNY4VU4G16CteisTXg38uKEhx0sVJmuBT0-fzv5zZs8DRoaDY7f31MUPhWJ5IkuJ34pMT4bbYLAETTv8vD3k%3D&quot; }" target="_blank" href="/vp/products/8106910494?vendorItemId=86440729411&amp;sourceType=sdp_bottom_promotion&amp;searchId=feed-5817832f01054c3e982d0d4939ff8b1b-3.3.107:gw_promotion" class="impression-logged view-logged"><div class="promotion-item-image"><img alt="하리보 스타믹스 대용량 간식용 젤리, 25g, 30개" loading="lazy" src="//thumbnail6.coupangcdn.com/thumbnails/remote/292x292q65ex/image/vendor_inventory/5aaf/a2a312002337e7a53bfe783067976c8885a23b442d91c613e90c72f39434.jpg"></div><div class="promotion-badge">특가진행중</div><div class="promotion-item-info-wrap"><div class="item-title">하리보 스타믹스 대용량 간식용 젤리, 25g, 30개</div><div class="discount-contain"><span class="discount-text">와우할인가</span><span class="discount-rate">42%</span><span class="origin-price">21,900</span></div><div class="promotion-item-price-contain"><span class="sales-price">12,560원</span></div><div class="unit-price">(10g 167원)</div><div class="pdd-text">모레(금) 도착 예정</div><div class="delivery-text">무료배송</div><div class="promotion-item-review"><span class="split-bg item-review-score-bg"><span class="item-review-score split-bg" style="width: 100%;">100%</span></span><span class="promotion-item-review-count">(17,497)</span></div><div class="stock_percent_contain"><div class="progress_contain"><div class="progress_position" style="width: 99%;"></div></div><div class="progress_text">99 % 남음</div></div></div></a></li><li class="promotion-carousel-item"><a data-vendor-item-id="86978377742" data-vendor-id="A00615494" data-product-id="8319534177" data-item-id="24012080412" data-tracking-tag="" data-impression-log-uri="https://mercury.coupang.com/e.gif?t=101&amp;r=JrnYQlwMwdjeiXhfJh_6qT_u82JesRuzQgimEq6snLdldoYVbwdkb3W3mokJqkxVjS6bMz42Xq9luBificrL1FaKulre4vhC7vih1LaZgFhQsuuBIK1zkX7V2GfLMA4Z1CR8Hk_SIOf_lSIKJMtTRh7ZJgP5tyCu60bPCT6DtSgxDA_-mXiHefOpQvqxgiYWHmfE5SFHAxLTx-w7VhNk0No73KpLZNSqiK7XY4hKlgZu6_nyluZZN-dNiURrP2DA-zcFBoRMKhSbdQkpDTgBfyVfhN2WUPm9ejtrWP7SGS6KGGEgUg0WFinUQ2bWcaNt0570irDf3ZE%3D" data-click-log-uri="https://mercury.coupang.com/e.gif?t=100&amp;r=2kPBwhqIxD_S8amz2rm-yDgNtH5u8m2UIePjTd4uxqT7VzM80mZqCvhl1hHUGPBQ00yhaDgebMeV3V20modKX63FR03dJBSho8X8x19s6Psf3FsT8t6Gvhj2O1TQGMV8HWZ3NRxJmbtIgfKp1fcBYxUQykRF25QjalAi0V_6BCbDSfS3uZXStJrhUmtbqzKGvoNokM4FaKdLpLdi-O96dFx2H3xnzmpR9b167vls4xB6tzmA1fRuwge_SmTW8yxrZw6ZRD7AVZDZAVfcEqXW03tdbUSooxmz7i7mKjw9VjGA9-5Jqe0RcSRTTsUunHCP1iJY" data-click-logging="{&quot;targetProductId&quot;:8319534177,&quot;targetVendorItemId&quot;:86978377742,&quot;targetItemId&quot;:24012080412,&quot;pageName&quot;:&quot;recommendation&quot;,&quot;domain&quot;:&quot;sdp&quot;,&quot;eventName&quot;:&quot;sdp_bottom_promotion&quot;}" data-adsplatform="{&quot;clickLogUri&quot;:&quot;https://mercury.coupang.com/e.gif?t=100&amp;r=2kPBwhqIxD_S8amz2rm-yDgNtH5u8m2UIePjTd4uxqT7VzM80mZqCvhl1hHUGPBQ00yhaDgebMeV3V20modKX63FR03dJBSho8X8x19s6Psf3FsT8t6Gvhj2O1TQGMV8HWZ3NRxJmbtIgfKp1fcBYxUQykRF25QjalAi0V_6BCbDSfS3uZXStJrhUmtbqzKGvoNokM4FaKdLpLdi-O96dFx2H3xnzmpR9b167vls4xB6tzmA1fRuwge_SmTW8yxrZw6ZRD7AVZDZAVfcEqXW03tdbUSooxmz7i7mKjw9VjGA9-5Jqe0RcSRTTsUunHCP1iJY&quot;, &quot;impressionLogUri&quot;:&quot;https://mercury.coupang.com/e.gif?t=101&amp;r=JrnYQlwMwdjeiXhfJh_6qT_u82JesRuzQgimEq6snLdldoYVbwdkb3W3mokJqkxVjS6bMz42Xq9luBificrL1FaKulre4vhC7vih1LaZgFhQsuuBIK1zkX7V2GfLMA4Z1CR8Hk_SIOf_lSIKJMtTRh7ZJgP5tyCu60bPCT6DtSgxDA_-mXiHefOpQvqxgiYWHmfE5SFHAxLTx-w7VhNk0No73KpLZNSqiK7XY4hKlgZu6_nyluZZN-dNiURrP2DA-zcFBoRMKhSbdQkpDTgBfyVfhN2WUPm9ejtrWP7SGS6KGGEgUg0WFinUQ2bWcaNt0570irDf3ZE%3D&quot;, &quot;viewImpression&quot;: &quot;https://mercury.coupang.com/e.gif?t=102&amp;r=pepdPDjwJKMAlu69pSw9AugqwrMWIsEiY4groyNcUD2asjkBS1-4wvdbMQLTrUT9jGmAXMU1JaatewWo0AB8o3C-wQh-JIXLb2njNECDLNIOoZgWmfPIFXjbeKx3sItK3RVSievD9no76C4npmzz8DWDE9emKNtOn3q1DnhWDFUT_MA3etSfUuC_MduDa57SYiwQLc566_1qRc46BZ0COsTwqK9RRd1R91mY5DDqWhjJcvSJmM-BzbaiVGZBTMO-o7S6tZk0qy-Fs_MDRH03LwQO6s4QE13v10WpeiLzRGtT7o5z643V9Wlcc-Odaixk_NI%3D&quot; }" target="_blank" href="/vp/products/8319534177?vendorItemId=86978377742&amp;sourceType=sdp_bottom_promotion&amp;searchId=feed-5817832f01054c3e982d0d4939ff8b1b-3.3.107:gw_promotion" class="impression-logged view-logged"><div class="promotion-item-image"><img alt="벨기에 스위트 커피캔디 간식용 수입사탕 200개, 1개" loading="lazy" src="//thumbnail10.coupangcdn.com/thumbnails/remote/292x292q65ex/image/vendor_inventory/b809/72ffd71b0ad65407dfbb23e00be9d6d8f21d8d09a700471f8c54bc2d4ab8.jpg"></div><div class="promotion-badge">특가진행중</div><div class="promotion-item-info-wrap"><div class="item-title">벨기에 스위트 커피캔디 간식용 수입사탕 200개, 1개</div><div class="discount-contain"><span class="discount-text">와우할인가</span><span class="discount-rate">43%</span><span class="origin-price">28,500</span></div><div class="promotion-item-price-contain"><span class="sales-price">16,190원</span></div><div class="pdd-text">모레(금) 도착 예정</div><div class="delivery-text">무료배송</div><div class="promotion-item-review"><span class="split-bg item-review-score-bg"><span class="item-review-score split-bg" style="width: 100%;">100%</span></span><span class="promotion-item-review-count">(1,932)</span></div><div class="stock_percent_contain"><div class="progress_contain"><div class="progress_position" style="width: 97%;"></div></div><div class="progress_text">97 % 남음</div></div></div></a></li><li class="promotion-carousel-item"><a data-vendor-item-id="90066372494" data-vendor-id="A00194381" data-product-id="8120318674" data-item-id="23032613661" data-tracking-tag="" data-impression-log-uri="https://mercury.coupang.com/e.gif?t=101&amp;r=H05BNIlKjW-xBnAVH9__siq90KIWxvbJmOmYwP9lzqI79ZTNMHpt0SYCqysXy5r6r2P1GKTmFA_7tLgv6g19Xn6YURvvi5flMKnKJtt-qZuWC5tQrZ680wrt_kLXkyeJ6J5tvlGVjhjS2shU33y32nXEGMt3lszGacBKY0xM0HXk8ZscJUFWcLxLYBvWmsJraEGT3MACERy5ANVPvn5T-gMMEuZDU0nbSTqlNL1QTTnmfHYR4ZwRLGHnoWXKcijaRqVHiV_-5yV5Dwzb7Ai7YBHFSFe5pe25Nowcc10o4P3_FWy8xwAwOJx3Q_Di3Pe7Ul4ezReyEL8%3D" data-click-log-uri="https://mercury.coupang.com/e.gif?t=100&amp;r=11tPeg5uvwocatsY1yORZh812glNz7EUbHA3CqgvS2_MHWU3DYcfCVsoU-GnWVFD90tfJ0dOj2W48JsgbWhPff_q580PC329OcKTw8Z7lEERYRiEy1vG9oMrsyBBZBtiRGOb689SurCN9D0Z8lYwrEyTVu3WEUf6slzwbcTwxskfY3mTL4uu57i9-sJ02zavd7whqrb2GYTlZzZA6uDPazC8BZ7HfmemQOzSqDhZERA0w7PV1UZpPLyhT-Y6rek5hlSVhi8pnIDjYBSp3LsWZn8Cvl4ottLExwysWdGtrEiPtQeKdCfQXQ068_dno2Q9gIAB" data-click-logging="{&quot;targetProductId&quot;:8120318674,&quot;targetVendorItemId&quot;:90066372494,&quot;targetItemId&quot;:23032613661,&quot;pageName&quot;:&quot;recommendation&quot;,&quot;domain&quot;:&quot;sdp&quot;,&quot;eventName&quot;:&quot;sdp_bottom_promotion&quot;}" data-adsplatform="{&quot;clickLogUri&quot;:&quot;https://mercury.coupang.com/e.gif?t=100&amp;r=11tPeg5uvwocatsY1yORZh812glNz7EUbHA3CqgvS2_MHWU3DYcfCVsoU-GnWVFD90tfJ0dOj2W48JsgbWhPff_q580PC329OcKTw8Z7lEERYRiEy1vG9oMrsyBBZBtiRGOb689SurCN9D0Z8lYwrEyTVu3WEUf6slzwbcTwxskfY3mTL4uu57i9-sJ02zavd7whqrb2GYTlZzZA6uDPazC8BZ7HfmemQOzSqDhZERA0w7PV1UZpPLyhT-Y6rek5hlSVhi8pnIDjYBSp3LsWZn8Cvl4ottLExwysWdGtrEiPtQeKdCfQXQ068_dno2Q9gIAB&quot;, &quot;impressionLogUri&quot;:&quot;https://mercury.coupang.com/e.gif?t=101&amp;r=H05BNIlKjW-xBnAVH9__siq90KIWxvbJmOmYwP9lzqI79ZTNMHpt0SYCqysXy5r6r2P1GKTmFA_7tLgv6g19Xn6YURvvi5flMKnKJtt-qZuWC5tQrZ680wrt_kLXkyeJ6J5tvlGVjhjS2shU33y32nXEGMt3lszGacBKY0xM0HXk8ZscJUFWcLxLYBvWmsJraEGT3MACERy5ANVPvn5T-gMMEuZDU0nbSTqlNL1QTTnmfHYR4ZwRLGHnoWXKcijaRqVHiV_-5yV5Dwzb7Ai7YBHFSFe5pe25Nowcc10o4P3_FWy8xwAwOJx3Q_Di3Pe7Ul4ezReyEL8%3D&quot;, &quot;viewImpression&quot;: &quot;https://mercury.coupang.com/e.gif?t=102&amp;r=8PrOWxPgQ4HwwJOb8EjRU9BjNkRz458PPNZYDplNZYqc7u-xpUYZ-m02HhcCj0pL-TIe7cbkP3l6nxdwMkPb6qj55BtbqvWgZMQFqmwGjsw-8cUDGjXXAUh3_tEynYqlvxh9EdaOmUnS_tb1Mz7i4sUaSR-_RU1bx3UcBPqieENW-ZNa1wadqnQQGWOPXWVXE_atmVW52Wi9m5Dtmi7oH4fvnWX0xwyV7VV6GBfYOFktgNSRIBmDvgHMdjL9UspmqedqqOT5eohSofCQ3w3MU_67Uq98xj_xV_Td5ntuMOFYn2W8hYNac4np3QFle10hAQA%3D&quot; }" target="_blank" href="/vp/products/8120318674?vendorItemId=90066372494&amp;sourceType=sdp_bottom_promotion&amp;searchId=feed-5817832f01054c3e982d0d4939ff8b1b-3.3.107:gw_promotion" class="impression-logged view-logged"><div class="promotion-item-image"><img alt="듀오솔루션 디맥스 키즈 업 키 성장기 어린이&amp; 청소년 주니어 영양제 - 초코맛(씹어먹는 츄어블), 1개, 120정" loading="lazy" src="//thumbnail10.coupangcdn.com/thumbnails/remote/292x292q65ex/image/vendor_inventory/820e/6f5c06808cab008bef62c0e994e4adf1186fd55e3950fd7de5ccbc91e4bc.jpg"></div><div class="promotion-badge">특가진행중</div><div class="promotion-item-info-wrap"><div class="item-title">듀오솔루션 디맥스 키즈 업 키 성장기 어린이&amp; 청소년 주니어 영양제 - 초코맛(씹어먹는 츄어블), 1개, 120정</div><div class="discount-contain"><span class="discount-text">와우할인가</span><span class="discount-rate">54%</span><span class="origin-price">32,000</span></div><div class="promotion-item-price-contain"><span class="sales-price">14,450원</span><img alt="https://image6.coupangcdn.com/image/mypromotion/icons/new_xpc_rod.png" class="jikgu-badge" loading="lazy" src="https://image6.coupangcdn.com/image/mypromotion/icons/new_xpc_rod.png"></div><div class="unit-price">(1정 120원)</div><div class="pdd-text">내일(목) 도착 보장</div><div class="promotion-item-review"><span class="split-bg item-review-score-bg"><span class="item-review-score split-bg" style="width: 100%;">100%</span></span><span class="promotion-item-review-count">(311)</span></div><div class="stock_percent_contain"><div class="progress_contain"><div class="progress_position" style="width: 99%;"></div></div><div class="progress_text">99 % 남음</div></div></div></a></li><li class="promotion-carousel-item"><a data-vendor-item-id="92221822187" data-vendor-id="A00396356" data-product-id="8736102784" data-item-id="25388706866" data-tracking-tag="" data-impression-log-uri="https://mercury.coupang.com/e.gif?t=101&amp;r=B1teasBQfQIP8vw_B-5Wr2vL0X1wvhn1H6KPmSDBTYanAqCCtn1HHD3eWPPlPU_N-OeYll_UuMvt2IIB7eK-iHfWxzO0Ewx_j9QuntxPVSUIIoJPCYcKUr6zJ4sqTy1TjNUgczbzPdgkXedjQmz7rPSpK5igjGQ_BTivVlpSgr1sm-hgGfgzT7O4LuoSdQAk6O5y_HbVnYttfm_Q0iGKtr1PLA20Sp5mFQdnYsUOkmLZ7awPR4iYN5lChj9bBpIlUfqoAR67C7krWX7NXzAuQGO9FRV3bRYcO2rJPa7bDG6b1Kc5L7Tafv2OuH8XTBcAVVMbWPup97w%3D" data-click-log-uri="https://mercury.coupang.com/e.gif?t=100&amp;r=tSeYL9isUsRXb-nqtdmbw64AMJjM_83ws56HwBO0VJ7cJ3N5wVbxlmlqbKSsyMY-qVLa6l907SggQXBxbPqMEhPbwt2rVUc5Hpaq26R_s6jtU35hT8tsJkKa_KJtXM0bcki8Tx0Bz7-CNAe-WuBEWNb9B_5E5A-IlRpLs8WqZki66U1NfNJ9Fu0tXG72RlsJrJefi78oKgJIyRHBbiAfE1IPPbFYEX6Jvg9f4XreW7UPslqKLSGKFPpovlp9ztEsEXTStR8rGgcKCeQj9avwuv9KEMshA4fgUrdz9FQnVfT4QEyaZjA5J7KiQ3ewOrdF3rbm" data-click-logging="{&quot;targetProductId&quot;:8736102784,&quot;targetVendorItemId&quot;:92221822187,&quot;targetItemId&quot;:25388706866,&quot;pageName&quot;:&quot;recommendation&quot;,&quot;domain&quot;:&quot;sdp&quot;,&quot;eventName&quot;:&quot;sdp_bottom_promotion&quot;}" data-adsplatform="{&quot;clickLogUri&quot;:&quot;https://mercury.coupang.com/e.gif?t=100&amp;r=tSeYL9isUsRXb-nqtdmbw64AMJjM_83ws56HwBO0VJ7cJ3N5wVbxlmlqbKSsyMY-qVLa6l907SggQXBxbPqMEhPbwt2rVUc5Hpaq26R_s6jtU35hT8tsJkKa_KJtXM0bcki8Tx0Bz7-CNAe-WuBEWNb9B_5E5A-IlRpLs8WqZki66U1NfNJ9Fu0tXG72RlsJrJefi78oKgJIyRHBbiAfE1IPPbFYEX6Jvg9f4XreW7UPslqKLSGKFPpovlp9ztEsEXTStR8rGgcKCeQj9avwuv9KEMshA4fgUrdz9FQnVfT4QEyaZjA5J7KiQ3ewOrdF3rbm&quot;, &quot;impressionLogUri&quot;:&quot;https://mercury.coupang.com/e.gif?t=101&amp;r=B1teasBQfQIP8vw_B-5Wr2vL0X1wvhn1H6KPmSDBTYanAqCCtn1HHD3eWPPlPU_N-OeYll_UuMvt2IIB7eK-iHfWxzO0Ewx_j9QuntxPVSUIIoJPCYcKUr6zJ4sqTy1TjNUgczbzPdgkXedjQmz7rPSpK5igjGQ_BTivVlpSgr1sm-hgGfgzT7O4LuoSdQAk6O5y_HbVnYttfm_Q0iGKtr1PLA20Sp5mFQdnYsUOkmLZ7awPR4iYN5lChj9bBpIlUfqoAR67C7krWX7NXzAuQGO9FRV3bRYcO2rJPa7bDG6b1Kc5L7Tafv2OuH8XTBcAVVMbWPup97w%3D&quot;, &quot;viewImpression&quot;: &quot;https://mercury.coupang.com/e.gif?t=102&amp;r=jjZK-Uh3UByeCafQju4JiV2-ndXjYyga9aTUqizExgqBEL84-b_S3n00UkmuXwkue5kNaChu1cxVcOhB7b8FIQkcPNlDTJy4sl8rRrF1JylHiAev3HJMpijPii_l6loxXgPtG8QPVPuXE0UaZM-eDKgKkhGFdjnDqX8V-aFuEx7GRgUZVeOHFWvCnubYbNKYf1u5UWDvSC92UWMfhbsc5R6LWP5CdUsu-3a4QH2ybbX5r3S6CiBHcSOSzE_GHpFoK3Z18_bfGbGVJuthoOh-IoGHwjq4hnyvfxwbQ2IIkyqX8i_1GSeeVqmcIhHHyPY1vwY%3D&quot; }" target="_blank" href="/vp/products/8736102784?vendorItemId=92221822187&amp;sourceType=sdp_bottom_promotion&amp;searchId=feed-5817832f01054c3e982d0d4939ff8b1b-3.3.107:gw_promotion" class="impression-logged view-logged"><div class="promotion-item-image"><img alt="이가캔디 애니타임 무설탕 민트맛 사탕 대용량 간식 130개입, 130개" loading="lazy" src="//thumbnail5.coupangcdn.com/thumbnails/remote/292x292q65ex/image/vendor_inventory/f4b5/fa0f4d0b37f0c8fb2a64ebb389eaa211df9add7a93338369b1b4b7fa3064.jpg"></div><div class="promotion-badge">특가진행중</div><div class="promotion-item-info-wrap"><div class="item-title">이가캔디 애니타임 무설탕 민트맛 사탕 대용량 간식 130개입, 130개</div><div class="discount-contain"><span class="discount-text">와우할인가</span><span class="discount-rate">30%</span><span class="origin-price">20,990</span></div><div class="promotion-item-price-contain"><span class="sales-price">14,580원</span></div><div class="pdd-text">모레(금) 도착 예정</div><div class="delivery-text">무료배송</div><div class="promotion-item-review"><span class="split-bg item-review-score-bg"><span class="item-review-score split-bg" style="width: 90%;">90%</span></span><span class="promotion-item-review-count">(134)</span></div><div class="stock_percent_contain"><div class="progress_contain"><div class="progress_position" style="width: 97%;"></div></div><div class="progress_text">97 % 남음</div></div></div></a></li><li class="promotion-carousel-item"><a data-vendor-item-id="92733167062" data-vendor-id="A00373203" data-product-id="7679436985" data-item-id="21216359460" data-tracking-tag="" data-impression-log-uri="https://mercury.coupang.com/e.gif?t=101&amp;r=pwJbuLZmAGA0TECnp1NBpW1Sn9laF-3ic9z_AYtAaBDjugSf-BsKvGJR6_vk4k73mO7B9OrUcxoA7Lt3D63KbrYvPQiU40SNabpMH-XC19zmymLzDzgZPn-BRlFA89b8RCsmqQdKk6feyRs025fG0aBU8dyRCjferK76nz29Qo5iR4a46r4SKXQYtYXjlkT7GoC98qX-qhDDiX1qLilobBSy9c_vs7AVs5wVWFRntE4bF0ObN9an0ImskCt09FIYU5uMg2GGzC7_OQY6rat5dlHQ-mKM3ss6eZ_kdhGm_VAT7UOEBzv7GE29jmIduYQitm9Wp46D76g%3D" data-click-log-uri="https://mercury.coupang.com/e.gif?t=100&amp;r=a-imRYqqeNA3NbfzawqRQyfpQ7SNwuRBho0wzCmTpRRTvSBPPegKoYuEkQyw3XYcCQesoL4Jk1mRwQS582AgAb_VTSN-mLPDlb_kmkY4XIgQ8g2bcP38Ou7-dTRAAfme7Q8AA2gsB8seJIb5D3NuyfzUtoKAitN-F1ZceyPIPIMEdlGjcBcI6KWEh5pggH1ZgO5LQsylPNH3AUc_j314zI1Ju-x6BCMZnS6c-HvHquY2ycgCyuwDPnP4iwCSL4bbL84Nb7TnTuCWdQZy2D3hlKaeNnb8SD8JuIPxwTvWKLqprsE-xnWz8-8mOEstrt2LHobd" data-click-logging="{&quot;targetProductId&quot;:7679436985,&quot;targetVendorItemId&quot;:92733167062,&quot;targetItemId&quot;:21216359460,&quot;pageName&quot;:&quot;recommendation&quot;,&quot;domain&quot;:&quot;sdp&quot;,&quot;eventName&quot;:&quot;sdp_bottom_promotion&quot;}" data-adsplatform="{&quot;clickLogUri&quot;:&quot;https://mercury.coupang.com/e.gif?t=100&amp;r=a-imRYqqeNA3NbfzawqRQyfpQ7SNwuRBho0wzCmTpRRTvSBPPegKoYuEkQyw3XYcCQesoL4Jk1mRwQS582AgAb_VTSN-mLPDlb_kmkY4XIgQ8g2bcP38Ou7-dTRAAfme7Q8AA2gsB8seJIb5D3NuyfzUtoKAitN-F1ZceyPIPIMEdlGjcBcI6KWEh5pggH1ZgO5LQsylPNH3AUc_j314zI1Ju-x6BCMZnS6c-HvHquY2ycgCyuwDPnP4iwCSL4bbL84Nb7TnTuCWdQZy2D3hlKaeNnb8SD8JuIPxwTvWKLqprsE-xnWz8-8mOEstrt2LHobd&quot;, &quot;impressionLogUri&quot;:&quot;https://mercury.coupang.com/e.gif?t=101&amp;r=pwJbuLZmAGA0TECnp1NBpW1Sn9laF-3ic9z_AYtAaBDjugSf-BsKvGJR6_vk4k73mO7B9OrUcxoA7Lt3D63KbrYvPQiU40SNabpMH-XC19zmymLzDzgZPn-BRlFA89b8RCsmqQdKk6feyRs025fG0aBU8dyRCjferK76nz29Qo5iR4a46r4SKXQYtYXjlkT7GoC98qX-qhDDiX1qLilobBSy9c_vs7AVs5wVWFRntE4bF0ObN9an0ImskCt09FIYU5uMg2GGzC7_OQY6rat5dlHQ-mKM3ss6eZ_kdhGm_VAT7UOEBzv7GE29jmIduYQitm9Wp46D76g%3D&quot;, &quot;viewImpression&quot;: &quot;https://mercury.coupang.com/e.gif?t=102&amp;r=GbL6SkXl0HZLrFChGeOGYvLz8ppqp_Og8NiZvlZ61gMcNjUKoTO4TY9lRhs0T4Q1VGrUA2RZXJEKbrZ0ZaCt3MFYjxjvatyImEoHcaoLyk7mz2Vdo95LFzTtAfbRbEQI3j8zhxAESgzf_MZ1Wdcq5RX1ybwuMLM4IB4w-ebdXysQDnLbWRRilNarT2ddYOLX9nw8M3mbfdq0EDQ-chyjt5Zx0ziboSqnptLo3SQlxVDrBx1V9VKZFuCQ0U3EbgJKV0iEk0S-fd63qSoJEOZoPfM8T-Uhp14Cq7prYeyLf3nagtangIhHEHMrlgFZ5HYeuSk%3D&quot; }" target="_blank" href="/vp/products/7679436985?vendorItemId=92733167062&amp;sourceType=sdp_bottom_promotion&amp;searchId=feed-5817832f01054c3e982d0d4939ff8b1b-3.3.107:gw_promotion" class="impression-logged view-logged"><div class="promotion-item-image"><img alt="코피코 카푸치노 캔디, 120g, 6개" loading="lazy" src="//thumbnail6.coupangcdn.com/thumbnails/remote/292x292q65ex/image/vendor_inventory/7587/ecdb311b898b4f36710781a7db26c0f142e7785c879f9c9f705009172456.png"></div><div class="promotion-badge">특가진행중</div><div class="promotion-item-info-wrap"><div class="item-title">코피코 카푸치노 캔디, 120g, 6개</div><div class="discount-contain"><span class="discount-text">와우할인가</span><span class="discount-rate">10%</span><span class="origin-price">11,320</span></div><div class="promotion-item-price-contain"><span class="sales-price">10,150원</span></div><div class="unit-price">(10g 141원)</div><div class="pdd-text">모레(금) 도착 예정</div><div class="delivery-text">무료배송</div><div class="promotion-item-review"><span class="split-bg item-review-score-bg"><span class="item-review-score split-bg" style="width: 100%;">100%</span></span><span class="promotion-item-review-count">(2,733)</span></div><div class="stock_percent_contain"><div class="progress_contain"><div class="progress_position" style="width: 90%;"></div></div><div class="progress_text">90 % 남음</div></div></div></a></li><li class="promotion-carousel-item"><a data-vendor-item-id="88648687980" data-vendor-id="A00295948" data-product-id="8734660710" data-item-id="25198909110" data-tracking-tag="" data-impression-log-uri="https://mercury.coupang.com/e.gif?t=101&amp;r=UiZlCxSt-ATcB9AjUoIYmnBOPJVf3b7s3YoS3PWXb1_n-I0c5_4EHpJQ5h55NPOC7gKbuIKOIloSQZQ_bZ-W0me3JflLXO8pzQ0g_JijcTsqo3-aZJ8JpW_FyRwor6KIjhTQiFmxpoF7FGDjKtY7m0TmTiool91UEEjURClXAh-Ff9K172jTe9PoIh57NCDX_LfCUq0ULETdBG3YV-ZOe_2Fh5CD4cRDwTPV_h72gZueibam-rVMy6RRmP6yiWV_IXCvy98Q4WIVQ4M5jdWU8qGEfNwJXX_hBVgraHPL6X50J-GnM16t3s6MVbM4-at0KduenH5_kYY%3D" data-click-log-uri="https://mercury.coupang.com/e.gif?t=100&amp;r=1lffK1x0Bh3no-Cq1kokF8SEFFuOSJQIoZCsY5m9T-RE1BiD51tmhg9YqqgMIGUeJj9LGr0HrReaQ6n-85mfuuAje6uS7N5Dvbo1AfF1tLA46CVxkcqTonWjsQr2lXGyT54jePIYGABa7cOADo47lObgvQgIcB_tDXCLaUD1dOapVkxFW2dh-oLG-0NNfRoL-sDdG61932Z6VnfmjDbwt74hKbQJWUVwLfWpW-qekrqodUVwTYR9glQmIRbw1nRXUCHbYfDUAjFlC_DTu0qsBp6chDkYkW71XqrEf35_kOBJTPPTGM0QifdQOfQnEvvhP4TW" data-click-logging="{&quot;targetProductId&quot;:8734660710,&quot;targetVendorItemId&quot;:88648687980,&quot;targetItemId&quot;:25198909110,&quot;pageName&quot;:&quot;recommendation&quot;,&quot;domain&quot;:&quot;sdp&quot;,&quot;eventName&quot;:&quot;sdp_bottom_promotion&quot;}" data-adsplatform="{&quot;clickLogUri&quot;:&quot;https://mercury.coupang.com/e.gif?t=100&amp;r=1lffK1x0Bh3no-Cq1kokF8SEFFuOSJQIoZCsY5m9T-RE1BiD51tmhg9YqqgMIGUeJj9LGr0HrReaQ6n-85mfuuAje6uS7N5Dvbo1AfF1tLA46CVxkcqTonWjsQr2lXGyT54jePIYGABa7cOADo47lObgvQgIcB_tDXCLaUD1dOapVkxFW2dh-oLG-0NNfRoL-sDdG61932Z6VnfmjDbwt74hKbQJWUVwLfWpW-qekrqodUVwTYR9glQmIRbw1nRXUCHbYfDUAjFlC_DTu0qsBp6chDkYkW71XqrEf35_kOBJTPPTGM0QifdQOfQnEvvhP4TW&quot;, &quot;impressionLogUri&quot;:&quot;https://mercury.coupang.com/e.gif?t=101&amp;r=UiZlCxSt-ATcB9AjUoIYmnBOPJVf3b7s3YoS3PWXb1_n-I0c5_4EHpJQ5h55NPOC7gKbuIKOIloSQZQ_bZ-W0me3JflLXO8pzQ0g_JijcTsqo3-aZJ8JpW_FyRwor6KIjhTQiFmxpoF7FGDjKtY7m0TmTiool91UEEjURClXAh-Ff9K172jTe9PoIh57NCDX_LfCUq0ULETdBG3YV-ZOe_2Fh5CD4cRDwTPV_h72gZueibam-rVMy6RRmP6yiWV_IXCvy98Q4WIVQ4M5jdWU8qGEfNwJXX_hBVgraHPL6X50J-GnM16t3s6MVbM4-at0KduenH5_kYY%3D&quot;, &quot;viewImpression&quot;: &quot;https://mercury.coupang.com/e.gif?t=102&amp;r=2UrgGnL4Q6LSfxGc2cZiXAFeXa0RcHkdEfS8WatjF0Tv_ztkQ2seY96dvGQ_XNHMLt_xOU23p3QgEknfljZX_H-71xtmn0w43xNc0H55eWGSGkX2EyZruk7frvQp33I5W8kmSdYocMbiRZt4Bx8UV4edSMHZPa55YLIgSpmAleXn8NTWnE99fFXqVYyM2ayAyF89hL__xEGY_6JvAAG_bmque14r51F6_zGjuAYhQtR12X0ONmAbk59jB6SGCATiI1EDVZrPZ7W3DUUuBdoIPUBv6PNK5pPAOKMrOn1AiKnUbMVF46n6e4CZ89avSurhrsE%3D&quot; }" target="_blank" href="/vp/products/8734660710?vendorItemId=88648687980&amp;sourceType=sdp_bottom_promotion&amp;searchId=feed-5817832f01054c3e982d0d4939ff8b1b-3.3.107:gw_promotion" class="impression-logged view-logged"><div class="promotion-item-image"><img alt="미니 크런치 초콜릿 마일드 초코렛 60개(개별포장), 60개" loading="lazy" src="//thumbnail2.coupangcdn.com/thumbnails/remote/292x292q65ex/image/vendor_inventory/0352/cc3521ac3f5239366c7e8fae593635251b5bb3e4515053764304a7d04cee.jpg"></div><div class="promotion-badge">특가진행중</div><div class="promotion-item-info-wrap"><div class="item-title">미니 크런치 초콜릿 마일드 초코렛 60개(개별포장), 60개</div><div class="discount-contain"><span class="discount-text">와우할인가</span><span class="discount-rate">38%</span><span class="origin-price">22,500</span></div><div class="promotion-item-price-contain"><span class="sales-price">13,770원</span></div><div class="pdd-text">모레(금) 도착 예정</div><div class="delivery-text">무료배송</div><div class="promotion-item-review"><span class="split-bg item-review-score-bg"><span class="item-review-score split-bg" style="width: 80%;">80%</span></span><span class="promotion-item-review-count">(159)</span></div><div class="stock_percent_contain"><div class="progress_contain"><div class="progress_position" style="width: 94%;"></div></div><div class="progress_text">94 % 남음</div></div></div></a></li><li class="promotion-carousel-item"><a data-vendor-item-id="91664828287" data-vendor-id="A01292285" data-product-id="8591289802" data-item-id="24407071806" data-tracking-tag="" data-impression-log-uri="https://mercury.coupang.com/e.gif?t=101&amp;r=QQ42x-DpTCqS3T0WQaMO6fKRPpwggvQLOfmm1HSHXgCXffhMQyG08nhzJfFOdlyIif-cO1HoL9wEPiaXgf1f7EqSNzrd-Ewg68y3P7pAUYtxhaDXJyQuC0BSFp6Kwfuvwv5MfRenTGLz6irNHFy77VCvVBd2StrgGpagFml_5TnmyNN06q0pe6v5XtBDKqjh6wiCSaSiFdXfqg2KUeqPoYzht6vmPJnUvofHOs-LibbCTpN089p6IHBNn0iJat1Yzm38hdWXSbDsEYr-61SVQ-rSHLEqmvE_afDJbNy6MjqcL-l6YEkj3QVN3gVYAmq1NrY24JbUSPI%3D" data-click-log-uri="https://mercury.coupang.com/e.gif?t=100&amp;r=Vr20rZ7J7Pu1ftAaVmsFN-achwJct0Vgvf-2jkcTVfq59KY4bgUnTL6KXS1INadbAIyhS7wIwpXPW4giigIDlGW8df8QAKNH8OaAvyN5PgSqd84OMrc-tDrjN_TUmvHAOf8kg8aEcCVzEkES6JXmGpv1GLTAnVozGCNMiTro1QYfAlUfzeKnjxwz5jlk2W3uS-QZhQqfFN5KHB-mxY9rZhCnLdiDVohzeSdHvTfGHrihNUF1MEhpyYoUDBd4Sdi0mDy8995QDR5OTZgPb09jHBQzPvulDOR7alLRZkjHDtrfkPWOdWRby4nzqmJmLYnFMnm1" data-click-logging="{&quot;targetProductId&quot;:8591289802,&quot;targetVendorItemId&quot;:91664828287,&quot;targetItemId&quot;:24407071806,&quot;pageName&quot;:&quot;recommendation&quot;,&quot;domain&quot;:&quot;sdp&quot;,&quot;eventName&quot;:&quot;sdp_bottom_promotion&quot;}" data-adsplatform="{&quot;clickLogUri&quot;:&quot;https://mercury.coupang.com/e.gif?t=100&amp;r=Vr20rZ7J7Pu1ftAaVmsFN-achwJct0Vgvf-2jkcTVfq59KY4bgUnTL6KXS1INadbAIyhS7wIwpXPW4giigIDlGW8df8QAKNH8OaAvyN5PgSqd84OMrc-tDrjN_TUmvHAOf8kg8aEcCVzEkES6JXmGpv1GLTAnVozGCNMiTro1QYfAlUfzeKnjxwz5jlk2W3uS-QZhQqfFN5KHB-mxY9rZhCnLdiDVohzeSdHvTfGHrihNUF1MEhpyYoUDBd4Sdi0mDy8995QDR5OTZgPb09jHBQzPvulDOR7alLRZkjHDtrfkPWOdWRby4nzqmJmLYnFMnm1&quot;, &quot;impressionLogUri&quot;:&quot;https://mercury.coupang.com/e.gif?t=101&amp;r=QQ42x-DpTCqS3T0WQaMO6fKRPpwggvQLOfmm1HSHXgCXffhMQyG08nhzJfFOdlyIif-cO1HoL9wEPiaXgf1f7EqSNzrd-Ewg68y3P7pAUYtxhaDXJyQuC0BSFp6Kwfuvwv5MfRenTGLz6irNHFy77VCvVBd2StrgGpagFml_5TnmyNN06q0pe6v5XtBDKqjh6wiCSaSiFdXfqg2KUeqPoYzht6vmPJnUvofHOs-LibbCTpN089p6IHBNn0iJat1Yzm38hdWXSbDsEYr-61SVQ-rSHLEqmvE_afDJbNy6MjqcL-l6YEkj3QVN3gVYAmq1NrY24JbUSPI%3D&quot;, &quot;viewImpression&quot;: &quot;https://mercury.coupang.com/e.gif?t=102&amp;r=IKpVW2jvL6OlcVvnIDnsPqCK_C_2XXXqco0wPnJuWW12J4n0qayTHtYTqjnW2p2_4zyzwAogDcHQpqYkTVceTWRNgHYlPkMZBuZCIMUhswpWfvzkeANAnlxxb6EgSwusQPbHhK30SY2CSEVY_WtgXPArpHyMOAPxkBmBsqpUFmYsUuWOv0RZ2aa5PNHorkQzqh3LH3331VwOh-Ljtp1cQeoZW5GWjVINictHEJmn02cv_2qHIUXGR2VGAsBv1IMVqs5PIBcHFPuclD4lwo1efaW3KLGqlV-ADqIXdYymC9lCEh155wa0cQBV3xU_yb5vO-o%3D&quot; }" target="_blank" href="/vp/products/8591289802?vendorItemId=91664828287&amp;sourceType=sdp_bottom_promotion&amp;searchId=feed-5817832f01054c3e982d0d4939ff8b1b-3.3.107:gw_promotion" class="impression-logged view-logged"><div class="promotion-item-image"><img alt="코피코 커피사탕 대용량 커피캔디 300개(개별포장), 300개" loading="lazy" src="//thumbnail8.coupangcdn.com/thumbnails/remote/292x292q65ex/image/vendor_inventory/0c01/0811ca52f9f869c7c73b706d0e47bb3825872b5bb212c0f236a3a51fe0b5.jpg"></div><div class="promotion-badge">특가진행중</div><div class="promotion-item-info-wrap"><div class="item-title">코피코 커피사탕 대용량 커피캔디 300개(개별포장), 300개</div><div class="discount-contain"><span class="discount-text">와우할인가</span><span class="discount-rate">30%</span><span class="origin-price">26,500</span></div><div class="promotion-item-price-contain"><span class="sales-price">18,330원</span><img alt="https://image6.coupangcdn.com/image/mypromotion/icons/new_xpc_rod.png" class="jikgu-badge" loading="lazy" src="https://image6.coupangcdn.com/image/mypromotion/icons/new_xpc_rod.png"></div><div class="pdd-text">내일(목) 도착 보장</div><div class="promotion-item-review"><span class="split-bg item-review-score-bg"><span class="item-review-score split-bg" style="width: 100%;">100%</span></span><span class="promotion-item-review-count">(1,610)</span></div><div class="stock_percent_contain"><div class="progress_contain"><div class="progress_position" style="width: 75%;"></div></div><div class="progress_text">75 % 남음</div></div></div></a></li><li class="promotion-carousel-item"><a data-vendor-item-id="91533868099" data-vendor-id="A00615494" data-product-id="8474170926" data-item-id="24521143987" data-tracking-tag="" data-impression-log-uri="https://mercury.coupang.com/e.gif?t=101&amp;r=HIAOtTyhEm5Bqbs4HPmNWMep374Y-Zshym_x1MQTg4nk0zNh6vl25cWWevkAWxGyzEqF1fPhEZfZaIc0evKPS-L9mtswggoQjDClFIPj3BLzAeUMv6eVmkN2GYfgbGYjEe2wAt8yZY1w7GZ1F7OhNIcu3-wiX0pfUSO-LXYGzbYUdf1py_m9BiB-LyBmM521sKyQQmRIl7kWgOnbP94hSPByPgGQG_FI20J-AMkUTsNOKNutxlz0c_9jZ2oX4W6zKMnLp4Q3IL3dqVX0VoZcGUnpQ7z-DKbf3HVrNj7QKkpArMJ7PkdrYSxXF6n_4BpsjZPcVIxoikk%3D" data-click-log-uri="https://mercury.coupang.com/e.gif?t=100&amp;r=frIv1_zyisvIEQwOflu1jSAdBaSr4Daer4-7nUeyQicWHUh4F6KBtj2IGXoTLR90laDVPm9e0jODGCReVbVGMIMGfx1Wg3j-w608JNlLMaSPeLlQjEycl3Em43E5e2TQDZorcn5xmkzMuyHqywbWcfcecjHylAOUk-699hga0Th7Rrw3fU-pn8_TeKQEpCmzYCnCCJlHVle57sWd6xQwCQHvz5ZV8t37xFl-h0N1GGRU-vn6STaMKAq0UAksZQuUuntisyjamQ0RxAxEyQtllKtI1f0PFrK5LdPPxKksSy2hycLFTXENFk-E76J0xonwunMT" data-click-logging="{&quot;targetProductId&quot;:8474170926,&quot;targetVendorItemId&quot;:91533868099,&quot;targetItemId&quot;:24521143987,&quot;pageName&quot;:&quot;recommendation&quot;,&quot;domain&quot;:&quot;sdp&quot;,&quot;eventName&quot;:&quot;sdp_bottom_promotion&quot;}" data-adsplatform="{&quot;clickLogUri&quot;:&quot;https://mercury.coupang.com/e.gif?t=100&amp;r=frIv1_zyisvIEQwOflu1jSAdBaSr4Daer4-7nUeyQicWHUh4F6KBtj2IGXoTLR90laDVPm9e0jODGCReVbVGMIMGfx1Wg3j-w608JNlLMaSPeLlQjEycl3Em43E5e2TQDZorcn5xmkzMuyHqywbWcfcecjHylAOUk-699hga0Th7Rrw3fU-pn8_TeKQEpCmzYCnCCJlHVle57sWd6xQwCQHvz5ZV8t37xFl-h0N1GGRU-vn6STaMKAq0UAksZQuUuntisyjamQ0RxAxEyQtllKtI1f0PFrK5LdPPxKksSy2hycLFTXENFk-E76J0xonwunMT&quot;, &quot;impressionLogUri&quot;:&quot;https://mercury.coupang.com/e.gif?t=101&amp;r=HIAOtTyhEm5Bqbs4HPmNWMep374Y-Zshym_x1MQTg4nk0zNh6vl25cWWevkAWxGyzEqF1fPhEZfZaIc0evKPS-L9mtswggoQjDClFIPj3BLzAeUMv6eVmkN2GYfgbGYjEe2wAt8yZY1w7GZ1F7OhNIcu3-wiX0pfUSO-LXYGzbYUdf1py_m9BiB-LyBmM521sKyQQmRIl7kWgOnbP94hSPByPgGQG_FI20J-AMkUTsNOKNutxlz0c_9jZ2oX4W6zKMnLp4Q3IL3dqVX0VoZcGUnpQ7z-DKbf3HVrNj7QKkpArMJ7PkdrYSxXF6n_4BpsjZPcVIxoikk%3D&quot;, &quot;viewImpression&quot;: &quot;https://mercury.coupang.com/e.gif?t=102&amp;r=fnrnDIRbu-xXmINkfvo5B4twYtO0JBfMmXNwYjIGB1LhIutwkztOU_E_GJx-yZG5YG-Km1RFXYcQXth2BZOMPUZpgWIpOdHPBEhoHbOBpEfaRMcIbPmvBga8y6aLG-Tmxp4YO89TUyomxR8IWz9lSf4w8kUqXWf-cJkpMVeh977721jKJ3mllmZwL1lEFebrtC5pVFR1yeQLhBhL4tOEw0HGgMp-a1cUgF4B9vbcM_79KLujZjOpk6pN6w7w8FaPKQ6IC8ku3s82w1arSTrQRgAml4u3dG5uJA0csMaWsDrJLQMBtLhqZRqciI0b4p01a00%3D&quot; }" target="_blank" href="/vp/products/8474170926?vendorItemId=91533868099&amp;sourceType=sdp_bottom_promotion&amp;searchId=feed-5817832f01054c3e982d0d4939ff8b1b-3.3.107:gw_promotion" class="impression-logged view-logged"><div class="promotion-item-image"><img alt="고소한 옛날 땅콩 캬라멜 사무실 간식 x200개 (개별포장), 1개" loading="lazy" src="//thumbnail5.coupangcdn.com/thumbnails/remote/292x292q65ex/image/vendor_inventory/c811/ab4a4669619d8f62a538ee2913c6618205dbf2117548bf7ecd7160da40a7.jpg"></div><div class="promotion-badge">특가진행중</div><div class="promotion-item-info-wrap"><div class="item-title">고소한 옛날 땅콩 캬라멜 사무실 간식 x200개 (개별포장), 1개</div><div class="discount-contain"><span class="discount-text">와우할인가</span><span class="discount-rate">20%</span><span class="origin-price">19,900</span></div><div class="promotion-item-price-contain"><span class="sales-price">15,920원</span></div><div class="pdd-text">모레(금) 도착 예정</div><div class="delivery-text">무료배송</div><div class="promotion-item-review"><span class="split-bg item-review-score-bg"><span class="item-review-score split-bg" style="width: 100%;">100%</span></span><span class="promotion-item-review-count">(14)</span></div><div class="stock_percent_contain"><div class="progress_contain"><div class="progress_position" style="width: 1%;"></div></div><div class="progress_text">1 % 남음</div></div></div></a></li><li class="promotion-carousel-item"><a data-vendor-item-id="88763553824" data-vendor-id="A00615494" data-product-id="7912216928" data-item-id="24730271554" data-tracking-tag="" data-impression-log-uri="https://mercury.coupang.com/e.gif?t=101&amp;r=V6A1GW2LIgxqkn9cV1B5pvYJauI6Ro2NY_JG4n_mXT9zjmH9nTY2GSdTTnGQSZP_aV4ML4_bpr2itJD3RlUzL9YgK_6PnNUc9uw2lrHnRdAa6pC4zEq-bKPodE82jkSoPbRs8Lv5m5IM0eYNxkZxN7iP3VWz6ifq_2KR0Doz7hd72kfbrcG7kLzqMkL7zGhEP-KC_oXNluy732noGFQjT3EB3JgBCscoLm4W3S8EIbKO1IMRyCg7N81kxlF51wEWA8ub7jN1Mc8EyTXQMWaV7yr3TerT8GohNZwTlZWMEHdfIp90yRmr82PrV6HT_UvYlmFqgXQ3h_Q%3D" data-click-log-uri="https://mercury.coupang.com/e.gif?t=100&amp;r=cHjpYegcePm8S1gpcA5_8mk1-mIpb71HfW8PZ2ak5itWADec82obxQzEStBomTqup2BOZO8e9kbWI4m9BjpiISjU_RCbPecPabAGXM9baCXGU-TdXvVo3e1WQjs_dXZe8LY1WexmY0AIyyybLHf5NFEAQOMkaK6g8VJLsIKpWLlgPjMWNT82i_e5k0xpiQM8jwEUB1EV8eDploSILT_BC4xkbRRXqdt6XO4E4p_DalRYBFwX9tp2qkHZZQnEFbWIYLu7NC9vj5nn2G5EQ4ayXh3u__fMkMc08ntJ7ALyMhxbp3CAdBmetbemPZdtT9mnBs1L" data-click-logging="{&quot;targetProductId&quot;:7912216928,&quot;targetVendorItemId&quot;:88763553824,&quot;targetItemId&quot;:24730271554,&quot;pageName&quot;:&quot;recommendation&quot;,&quot;domain&quot;:&quot;sdp&quot;,&quot;eventName&quot;:&quot;sdp_bottom_promotion&quot;}" data-adsplatform="{&quot;clickLogUri&quot;:&quot;https://mercury.coupang.com/e.gif?t=100&amp;r=cHjpYegcePm8S1gpcA5_8mk1-mIpb71HfW8PZ2ak5itWADec82obxQzEStBomTqup2BOZO8e9kbWI4m9BjpiISjU_RCbPecPabAGXM9baCXGU-TdXvVo3e1WQjs_dXZe8LY1WexmY0AIyyybLHf5NFEAQOMkaK6g8VJLsIKpWLlgPjMWNT82i_e5k0xpiQM8jwEUB1EV8eDploSILT_BC4xkbRRXqdt6XO4E4p_DalRYBFwX9tp2qkHZZQnEFbWIYLu7NC9vj5nn2G5EQ4ayXh3u__fMkMc08ntJ7ALyMhxbp3CAdBmetbemPZdtT9mnBs1L&quot;, &quot;impressionLogUri&quot;:&quot;https://mercury.coupang.com/e.gif?t=101&amp;r=V6A1GW2LIgxqkn9cV1B5pvYJauI6Ro2NY_JG4n_mXT9zjmH9nTY2GSdTTnGQSZP_aV4ML4_bpr2itJD3RlUzL9YgK_6PnNUc9uw2lrHnRdAa6pC4zEq-bKPodE82jkSoPbRs8Lv5m5IM0eYNxkZxN7iP3VWz6ifq_2KR0Doz7hd72kfbrcG7kLzqMkL7zGhEP-KC_oXNluy732noGFQjT3EB3JgBCscoLm4W3S8EIbKO1IMRyCg7N81kxlF51wEWA8ub7jN1Mc8EyTXQMWaV7yr3TerT8GohNZwTlZWMEHdfIp90yRmr82PrV6HT_UvYlmFqgXQ3h_Q%3D&quot;, &quot;viewImpression&quot;: &quot;https://mercury.coupang.com/e.gif?t=102&amp;r=lfnUp70TTUQOgeEolXMdH5wT1QhI3QvYEZwEOfieUkGS7EOsPo8oXBihx9xkaJPckwGh5RABfafd4p9ujgbTF1u0FvNhsS_is1yoZSe2grtzySVgkJwD-StOfCJgPfIV2oR9nlGxvOYsCnztEaQlrAfDr6WdEUYH7a5RJLAomyRl8azqBdnSs5nXi2Q84UflV5WzBrzvqJaRn7Jbh5_BBg9x6Lp-nGyfmHP7DlCkZzbURWw2XjFTz6o9gfE1v3F-O_G79nMBGOH-KFUFLFOp6B46jom-Wru2XLG4IjtKQodkHm-nXy6QkLxVsyKdo9VxfaQ%3D&quot; }" target="_blank" href="/vp/products/7912216928?vendorItemId=88763553824&amp;sourceType=sdp_bottom_promotion&amp;searchId=feed-5817832f01054c3e982d0d4939ff8b1b-3.3.107:gw_promotion" class="impression-logged view-logged"><div class="promotion-item-image"><img alt="롯데제과 청포도 캔디 간식용 미니 사탕 x100개(개별포장), 1개, 900g" loading="lazy" src="//thumbnail1.coupangcdn.com/thumbnails/remote/292x292q65ex/image/vendor_inventory/dda3/ba1d2883ec890574ae898053e5d5bbbf71dd69d4abab5821d340134a5240.jpg"></div><div class="promotion-badge">특가진행중</div><div class="promotion-item-info-wrap"><div class="item-title">롯데제과 청포도 캔디 간식용 미니 사탕 x100개(개별포장), 1개, 900g</div><div class="discount-contain"><span class="discount-text">와우할인가</span><span class="discount-rate">34%</span><span class="origin-price">19,900</span></div><div class="promotion-item-price-contain"><span class="sales-price">12,970원</span></div><div class="unit-price">(10g 144원)</div><div class="pdd-text">모레(금) 도착 예정</div><div class="delivery-text">무료배송</div><div class="promotion-item-review"><span class="split-bg item-review-score-bg"><span class="item-review-score split-bg" style="width: 90%;">90%</span></span><span class="promotion-item-review-count">(318)</span></div><div class="stock_percent_contain"><div class="progress_contain"><div class="progress_position" style="width: 1%;"></div></div><div class="progress_text">1 % 남음</div></div></div></a></li><li class="promotion-carousel-item"><a data-vendor-item-id="91503634565" data-vendor-id="A00615494" data-product-id="8464686635" data-item-id="24490375101" data-tracking-tag="" data-impression-log-uri="https://mercury.coupang.com/e.gif?t=101&amp;r=_RXBhFCQpJd8rBRw_TWklYHG7am7OWhnZ3k-RlpJOFw46rVuQG5EAeBfpxuli9504eXlWHVyU3w5GYV_e4lk2U5-04KNiuRsZsdOYQtXG7O19wsMHyZ8xi1zoRCGyQsNsfvq_evKEVQozqaPXOqGb_xqa8Zv0yJ0Xa6VnZZ4W9zGJgTnax82QPoje_oE5wbL03o1lZGdnnLHlFI3YjVK3nLruJ7KTENG9rxvoGm1LnbkYasVz3yQ11ZNnZ3GNX-nan4bUWIb3e77kJPoH19LLkSYz8NrnIUjpJmhDs0lopJzJfal2sUr_ze8QLjBCze0HTc9C_nMFC8%3D" data-click-log-uri="https://mercury.coupang.com/e.gif?t=100&amp;r=ZkrwmyDd8FCvQDxqZluarKFUbTDZPwuNka_w5BuhfM9Y95KNVroFJ__ffR67auuA_acR5173y5BSJJ0UQFbm3o1q8_7OtD6XxHoptgfG7m3iY4KWNTW5cCeQnekYGGnglIW9fXggbs6piroYLwyok5CFPg0Thqidk3PSD7LIZshqr3EgThqvtu3ECN1SGpFn_PAVLVsHWwpqGwpHSOiEuZ8bM5j69eHlSVhpcEgv5fhdqlg2wxIN_Dojq5lC3cFVwL5J32ZXDCojyTr3SaNKcFRDaMtRZMMi6MeE0PUeJZiJW-zvEz6VR7oiIXU9BClEfd0y" data-click-logging="{&quot;targetProductId&quot;:8464686635,&quot;targetVendorItemId&quot;:91503634565,&quot;targetItemId&quot;:24490375101,&quot;pageName&quot;:&quot;recommendation&quot;,&quot;domain&quot;:&quot;sdp&quot;,&quot;eventName&quot;:&quot;sdp_bottom_promotion&quot;}" data-adsplatform="{&quot;clickLogUri&quot;:&quot;https://mercury.coupang.com/e.gif?t=100&amp;r=ZkrwmyDd8FCvQDxqZluarKFUbTDZPwuNka_w5BuhfM9Y95KNVroFJ__ffR67auuA_acR5173y5BSJJ0UQFbm3o1q8_7OtD6XxHoptgfG7m3iY4KWNTW5cCeQnekYGGnglIW9fXggbs6piroYLwyok5CFPg0Thqidk3PSD7LIZshqr3EgThqvtu3ECN1SGpFn_PAVLVsHWwpqGwpHSOiEuZ8bM5j69eHlSVhpcEgv5fhdqlg2wxIN_Dojq5lC3cFVwL5J32ZXDCojyTr3SaNKcFRDaMtRZMMi6MeE0PUeJZiJW-zvEz6VR7oiIXU9BClEfd0y&quot;, &quot;impressionLogUri&quot;:&quot;https://mercury.coupang.com/e.gif?t=101&amp;r=_RXBhFCQpJd8rBRw_TWklYHG7am7OWhnZ3k-RlpJOFw46rVuQG5EAeBfpxuli9504eXlWHVyU3w5GYV_e4lk2U5-04KNiuRsZsdOYQtXG7O19wsMHyZ8xi1zoRCGyQsNsfvq_evKEVQozqaPXOqGb_xqa8Zv0yJ0Xa6VnZZ4W9zGJgTnax82QPoje_oE5wbL03o1lZGdnnLHlFI3YjVK3nLruJ7KTENG9rxvoGm1LnbkYasVz3yQ11ZNnZ3GNX-nan4bUWIb3e77kJPoH19LLkSYz8NrnIUjpJmhDs0lopJzJfal2sUr_ze8QLjBCze0HTc9C_nMFC8%3D&quot;, &quot;viewImpression&quot;: &quot;https://mercury.coupang.com/e.gif?t=102&amp;r=KfCPjyrzxgAlE1u_KS-66nFfd_KeGBn33jbBB95ntj_k2ugLMdXPoYWXtpu2K_U1Y3GiTHaYyzduysmY9cxRRhm_EdRraH-1rQ3Oot0Gp3XJ-xhkcFas_y8PLEk5_u9qoZPX_QOt2XW-jTEEjXUlipw_vS14Dobkd7L1lFGlPCURpCFxM0jKiSO1EX6u0r6b2pNgRVEBX84JNn2164-Qd537QPo_tjWg8Ts_M1eULNhZH8uz9ONsnGegiTjLJpfAMJu12GqOoULeAGueXqhF_iLLACAu-tIK2vdU6vQGDVr44Svx1OyVyuA0npFYwZ6rDc8%3D&quot; }" target="_blank" href="/vp/products/8464686635?vendorItemId=91503634565&amp;sourceType=sdp_bottom_promotion&amp;searchId=feed-5817832f01054c3e982d0d4939ff8b1b-3.3.107:gw_promotion" class="impression-logged view-logged"><div class="promotion-item-image"><img alt="롯데제과 복숭아 캔디 간식용 과일맛 미니 사탕 x100개 (개별포장), 1개" loading="lazy" src="//thumbnail4.coupangcdn.com/thumbnails/remote/292x292q65ex/image/vendor_inventory/7b92/996b8688969d5155aaf3bdab9a3ce05385e23036220eb7855955b7596c65.jpg"></div><div class="promotion-badge">특가진행중</div><div class="promotion-item-info-wrap"><div class="item-title">롯데제과 복숭아 캔디 간식용 과일맛 미니 사탕 x100개 (개별포장), 1개</div><div class="discount-contain"><span class="discount-text">와우할인가</span><span class="discount-rate">24%</span><span class="origin-price">19,900</span></div><div class="promotion-item-price-contain"><span class="sales-price">14,960원</span></div><div class="pdd-text">모레(금) 도착 예정</div><div class="delivery-text">무료배송</div><div class="promotion-item-review"><span class="split-bg item-review-score-bg"><span class="item-review-score split-bg" style="width: 100%;">100%</span></span><span class="promotion-item-review-count">(30)</span></div><div class="stock_percent_contain"><div class="progress_contain"><div class="progress_position" style="width: 99%;"></div></div><div class="progress_text">99 % 남음</div></div></div></a></li><li class="promotion-carousel-item"><a data-vendor-item-id="91664830503" data-vendor-id="A01292285" data-product-id="9000124329" data-item-id="26374420413" data-tracking-tag="" data-impression-log-uri="https://mercury.coupang.com/e.gif?t=101&amp;r=VwX_Hv_bl0rUgVEgVxsTflNEp2wn_b1AHHZeS2oJfVWp9ONEbD2JHx3T2EzJoMO8sU1StX0K3ihSXgHYB-z56eG7pRkl8PuU2vPY0bUxprqbHkA8pH7REuDAyGcffSTGqXHaoJBDsDWjfgFYfj2xgjRfjCPwgC7Jn_NTbDYKII1nqlZJPQKWrn1_ipsVq8OsuyvLK4Bl3w_kqFCbnJMcg7kcWDTVo1A32PtPf9OP4Rimq3p4Y2vRpbhHrrQV0Vmp43q_u1Zi76b1lrrTsGE8_NJazBNO7j6yLv4FrvDlbTAJcmQjT9Z1XhbIwzF-a0X4kG1HRvaPjDI%3D" data-click-log-uri="https://mercury.coupang.com/e.gif?t=100&amp;r=gKlYGm3-wWRqxdfAgPtMsVqrxPDTHSCoP-AxShvE6n7_qCCDBjYSarWTNUSASBhJHp3rWFGd5ZN6yaC3-kWw-HwtVMZdhH_XfFff8kApt6l3rmOfFGY_l8NvgYywrwBldvg0jOeGnwiphcHrwwOFVzUZUZt_SFZBq50tqYLh73K8ldOVbM2OYgwhFLab-fxloz9f3NRIH6hRzsivs6XGfjgCNypBqq3Cl9yUySVGqeN7FZs2ZsKgmwIwtJhI3yKKrcqiq81jNgqFfkWwym_PFH7N-A_sXse1ECvDDER5vnh_w1OSkEjQIQ004wyXUea0HOLY" data-click-logging="{&quot;targetProductId&quot;:9000124329,&quot;targetVendorItemId&quot;:91664830503,&quot;targetItemId&quot;:26374420413,&quot;pageName&quot;:&quot;recommendation&quot;,&quot;domain&quot;:&quot;sdp&quot;,&quot;eventName&quot;:&quot;sdp_bottom_promotion&quot;}" data-adsplatform="{&quot;clickLogUri&quot;:&quot;https://mercury.coupang.com/e.gif?t=100&amp;r=gKlYGm3-wWRqxdfAgPtMsVqrxPDTHSCoP-AxShvE6n7_qCCDBjYSarWTNUSASBhJHp3rWFGd5ZN6yaC3-kWw-HwtVMZdhH_XfFff8kApt6l3rmOfFGY_l8NvgYywrwBldvg0jOeGnwiphcHrwwOFVzUZUZt_SFZBq50tqYLh73K8ldOVbM2OYgwhFLab-fxloz9f3NRIH6hRzsivs6XGfjgCNypBqq3Cl9yUySVGqeN7FZs2ZsKgmwIwtJhI3yKKrcqiq81jNgqFfkWwym_PFH7N-A_sXse1ECvDDER5vnh_w1OSkEjQIQ004wyXUea0HOLY&quot;, &quot;impressionLogUri&quot;:&quot;https://mercury.coupang.com/e.gif?t=101&amp;r=VwX_Hv_bl0rUgVEgVxsTflNEp2wn_b1AHHZeS2oJfVWp9ONEbD2JHx3T2EzJoMO8sU1StX0K3ihSXgHYB-z56eG7pRkl8PuU2vPY0bUxprqbHkA8pH7REuDAyGcffSTGqXHaoJBDsDWjfgFYfj2xgjRfjCPwgC7Jn_NTbDYKII1nqlZJPQKWrn1_ipsVq8OsuyvLK4Bl3w_kqFCbnJMcg7kcWDTVo1A32PtPf9OP4Rimq3p4Y2vRpbhHrrQV0Vmp43q_u1Zi76b1lrrTsGE8_NJazBNO7j6yLv4FrvDlbTAJcmQjT9Z1XhbIwzF-a0X4kG1HRvaPjDI%3D&quot;, &quot;viewImpression&quot;: &quot;https://mercury.coupang.com/e.gif?t=102&amp;r=NKCjY9puGqD2mT39NPnL7xmmOaPRxCn2nNDQtFbE751iESbpRAH5uI-Rt4w8GBhXNNKqIaGtdH5UXpdoR8qJzCi6wVjNK3vHKHEtQbs1qOPNtRNmxONZM7OW-YDZy227KesIhxfiLpoLHQ18Kf4KTbhB0N4VikYJQwCQebRHuIxbiDz3cpgxBndc6E4ayZX4d6DHkj75JKCBPRhVzAF0eMDCCoduMZWSdUgXMCgIiyOoWSrcwp7a-eKuJRK734abWdrHB44YIaOiJqMAKhX493SeTpzs7O88vjyBXqZDY44ZtCYmDtyucTYygxetrUaz73Q%3D&quot; }" target="_blank" href="/vp/products/9000124329?vendorItemId=91664830503&amp;sourceType=sdp_bottom_promotion&amp;searchId=feed-5817832f01054c3e982d0d4939ff8b1b-3.3.107:gw_promotion" class="impression-logged view-logged"><div class="promotion-item-image"><img alt="리콜라 캔디 레몬민트 무설탕 사탕 대용량 허브 사탕 100개, 1개" loading="lazy" src="//thumbnail7.coupangcdn.com/thumbnails/remote/292x292q65ex/image/vendor_inventory/241d/9f1afcbb010b1bf567d71bacb2e625625bdc317d5bdd41d655b9cdc4198b.jpg"></div><div class="promotion-badge">특가진행중</div><div class="promotion-item-info-wrap"><div class="item-title">리콜라 캔디 레몬민트 무설탕 사탕 대용량 허브 사탕 100개, 1개</div><div class="discount-contain"><span class="discount-text">와우할인가</span><span class="discount-rate">20%</span><span class="origin-price">22,500</span></div><div class="promotion-item-price-contain"><span class="sales-price">17,950원</span><img alt="https://image6.coupangcdn.com/image/mypromotion/icons/new_xpc_rod.png" class="jikgu-badge" loading="lazy" src="https://image6.coupangcdn.com/image/mypromotion/icons/new_xpc_rod.png"></div><div class="pdd-text">내일(목) 도착 보장</div><div class="promotion-item-review"><span class="split-bg item-review-score-bg"><span class="item-review-score split-bg" style="width: 100%;">100%</span></span><span class="promotion-item-review-count">(334)</span></div><div class="stock_percent_contain"><div class="progress_contain"><div class="progress_position" style="width: 57%;"></div></div><div class="progress_text">57 % 남음</div></div></div></a></li><li class="promotion-carousel-item"><a data-vendor-item-id="91716686169" data-vendor-id="A00633476" data-product-id="7865301973" data-item-id="24707248723" data-tracking-tag="" data-impression-log-uri="https://mercury.coupang.com/e.gif?t=101&amp;r=rrXYJ6N7et-Eqx8IrkyG83Ow00BNboTJ7jrMCH6cQ9aFxxZ4EESiphjhd4FbslY0yG0e6iOmGKYvU21ieui6H9G028mgMb-UurPtFTniVpepMl_AVAe9aISIsqshPm_DvfhkO6wEZWTM0Vp74ILPyY71ZOuxSSFzLH8xmcajAOuYEWXARhj85z2VqQnd1D33kfQz3jWCqWWFa8Psi-yw5D9KOXwmiAuEVLj0QvfefmPhm0akHnTm3cNIr1b3KKVIx2z64X4GAJocU65WmZi8QF0EoKJOoPYSyN7rjwSTG7MYP4ndnEyIqPjU4XL-CQC75O-aKwslTeQ%3D" data-click-log-uri="https://mercury.coupang.com/e.gif?t=100&amp;r=E2-hq_TlTIPHQSg7E-OUfKr9h-MgK3SEIGv_hy9F123xVpzC0PKtHLfdCWX5NwSha44BFjJ2eQqlgXO6eKXQE5ndXAKPuRDHUbmBbRqkI--KdqD_8q_BWeVlyfSPODTWTzE5ZVRRu5ddmk60z9tYlBlydwJv1edRSdpzpc8Gd51ZhOsnWzoLMn-Cb1AH-VqevERv4FXTzX37qQpLF9e1sXrSShNlwkJvsdarrCIlaDK8duRzxOmmKbK0wjUASvfMHXiWuCrt31Dry904qOfx1etlhe90rKIueiAbhgyCJeSh--W_xoxxZlkYgw4PSNfLRw8U" data-click-logging="{&quot;targetProductId&quot;:7865301973,&quot;targetVendorItemId&quot;:91716686169,&quot;targetItemId&quot;:24707248723,&quot;pageName&quot;:&quot;recommendation&quot;,&quot;domain&quot;:&quot;sdp&quot;,&quot;eventName&quot;:&quot;sdp_bottom_promotion&quot;}" data-adsplatform="{&quot;clickLogUri&quot;:&quot;https://mercury.coupang.com/e.gif?t=100&amp;r=E2-hq_TlTIPHQSg7E-OUfKr9h-MgK3SEIGv_hy9F123xVpzC0PKtHLfdCWX5NwSha44BFjJ2eQqlgXO6eKXQE5ndXAKPuRDHUbmBbRqkI--KdqD_8q_BWeVlyfSPODTWTzE5ZVRRu5ddmk60z9tYlBlydwJv1edRSdpzpc8Gd51ZhOsnWzoLMn-Cb1AH-VqevERv4FXTzX37qQpLF9e1sXrSShNlwkJvsdarrCIlaDK8duRzxOmmKbK0wjUASvfMHXiWuCrt31Dry904qOfx1etlhe90rKIueiAbhgyCJeSh--W_xoxxZlkYgw4PSNfLRw8U&quot;, &quot;impressionLogUri&quot;:&quot;https://mercury.coupang.com/e.gif?t=101&amp;r=rrXYJ6N7et-Eqx8IrkyG83Ow00BNboTJ7jrMCH6cQ9aFxxZ4EESiphjhd4FbslY0yG0e6iOmGKYvU21ieui6H9G028mgMb-UurPtFTniVpepMl_AVAe9aISIsqshPm_DvfhkO6wEZWTM0Vp74ILPyY71ZOuxSSFzLH8xmcajAOuYEWXARhj85z2VqQnd1D33kfQz3jWCqWWFa8Psi-yw5D9KOXwmiAuEVLj0QvfefmPhm0akHnTm3cNIr1b3KKVIx2z64X4GAJocU65WmZi8QF0EoKJOoPYSyN7rjwSTG7MYP4ndnEyIqPjU4XL-CQC75O-aKwslTeQ%3D&quot;, &quot;viewImpression&quot;: &quot;https://mercury.coupang.com/e.gif?t=102&amp;r=b0WUR7YO1-mSGQdgb0Rbp16GOIwzgPLe-SqHCl3ek7mdjrEbRi9abMABlQJcVE0ZMb54khXar6OOoXWL21SFJqaHomdQ6x-sMJnnDZoqRFblAIXv_td7Io1rpYT2H5ki94EpS5BO9b2htVBf7Y2vnXj4pcJnPKgjJbHZ72AUhqyihr2dh0-buId-N-2US_Pf6k24qEB5P-CwsDixqRHomLaj30HY4PCpQamZWYeeygTHbo420nhRal6AYUGRVMlygiuM_yLB_NSqMMna35EHa6yuD-vr_K-UT3gfyaajQGCRmhI4DlIK-O1_ZnS8urQIaZ8%3D&quot; }" target="_blank" href="/vp/products/7865301973?vendorItemId=91716686169&amp;sourceType=sdp_bottom_promotion&amp;searchId=feed-5817832f01054c3e982d0d4939ff8b1b-3.3.107:gw_promotion" class="impression-logged view-logged"><div class="promotion-item-image"><img alt="혜성식품 샤인머스켓 젤리 청포도 과일, 1개, 1kg" loading="lazy" src="//thumbnail9.coupangcdn.com/thumbnails/remote/292x292q65ex/image/vendor_inventory/4399/c2f7f5dcf176481609a662296140db56df4e345e2fefa7b852390a41fdd2.jpg"></div><div class="promotion-badge">특가진행중</div><div class="promotion-item-info-wrap"><div class="item-title">혜성식품 샤인머스켓 젤리 청포도 과일, 1개, 1kg</div><div class="discount-contain"><span class="discount-text">와우할인가</span><span class="discount-rate">43%</span><span class="origin-price">15,000</span></div><div class="promotion-item-price-contain"><span class="sales-price">8,550원</span><img alt="https://image6.coupangcdn.com/image/mypromotion/icons/new_xpc_rod.png" class="jikgu-badge" loading="lazy" src="https://image6.coupangcdn.com/image/mypromotion/icons/new_xpc_rod.png"></div><div class="unit-price">(10g 86원)</div><div class="pdd-text">내일(목) 도착 보장</div><div class="promotion-item-review"><span class="split-bg item-review-score-bg"><span class="item-review-score split-bg" style="width: 90%;">90%</span></span><span class="promotion-item-review-count">(378)</span></div><div class="stock_percent_contain"><div class="progress_contain"><div class="progress_position" style="width: 98%;"></div></div><div class="progress_text">98 % 남음</div></div></div></a></li></ul></div></div><a href="javascript:throw new Error('React has blocked a javascript: URL as a security precaution.')" class="promotion-carousel-arrow-button prev" title="이전 상품 보기" style="display: none;">이전 상품 보기</a><a href="javascript:throw new Error('React has blocked a javascript: URL as a security precaution.')" class="promotion-carousel-arrow-button next" title="다음 상품 보기" style="display: block;">다음 상품 보기</a></div></div></div></div><div class="twc-sticky twc-z-50 twc-top-0 twc-flex twc-mt-[50px] twc-cursor-pointer twc-border-t-2 twc-border-t-[#555] twc-font-bold twc-text-[#555] twc-text-[16px] twc-leading-[19px] twc-w-[100vw] md:twc-w-[100%] twc-ml-[-16px] md:twc-ml-[0] "><a class="twc-pt-[12px] md:twc-pt-[15px] twc-break-all twc-px-[10px] md:twc-px-[20px] twc-pb-[14px] twc-basis-[25%] twc-flex twc-justify-center twc-border twc-border-t-0 twc-border-[#ccc] twc-border-l-0 first:twc-border-l twc-bg-[#fafafa]">상품상세</a><a class="twc-pt-[12px] md:twc-pt-[15px] twc-break-all twc-px-[10px] md:twc-px-[20px] twc-pb-[14px] twc-basis-[25%] twc-flex twc-justify-center twc-border twc-border-t-0 twc-border-[#ccc] twc-border-l-0 first:twc-border-l twc-bg-[#fafafa] twc-border-b-0 twc-bg-[#fff] twc-text-[#111]">상품평<!-- --> (<!-- -->4,582<!-- -->)</a><a class="twc-pt-[12px] md:twc-pt-[15px] twc-break-all twc-px-[10px] md:twc-px-[20px] twc-pb-[14px] twc-basis-[25%] twc-flex twc-justify-center twc-border twc-border-t-0 twc-border-[#ccc] twc-border-l-0 first:twc-border-l twc-bg-[#fafafa]">상품문의</a><a class="twc-pt-[12px] md:twc-pt-[15px] twc-break-all twc-px-[10px] md:twc-px-[20px] twc-pb-[14px] twc-basis-[25%] twc-flex twc-justify-center twc-border twc-border-t-0 twc-border-[#ccc] twc-border-l-0 first:twc-border-l twc-bg-[#fafafa]">배송/교환/반품 안내</a></div><div data-value="detail" class="twc-scroll-mt-[49px]"><div id="itemBrief" class="twc-pt-[30px] twc-mb-[30px]"><p class="twc-pb-[10px] twc-text-[calc(var(--adjust-font-size)+14px)] twc-font-[700]">필수 표기 정보</p><table class="twc-w-full twc-border-[#eee] twc-border-b-[1px] twc-border-t-[1px] twc-border-solid  twc-text-[calc(var(--adjust-font-size)+1em)] twc-m-[0] twc-table-fixed twc-font-[sans-serif]"><tbody><tr><td class="twc-p-[12px_16px] twc-border-b-[1px_solid_#eee] twc-bg-[#fafafa] twc-text-[#111] twc-font-[700] twc-text-[calc(var(--adjust-font-size)+12px)] twc-overflow-hidden twc-text-left twc-border-b-[#eee] twc-border-solid twc-border-b-[1px]" width="150px">품목 또는 명칭</td><td class="twc-whitespace-normal twc-break-all twc-p-[12px_16px] twc-text-[#333] twc-border-b-[#eee] twc-border-solid twc-border-b-[1px] twc-leading-[1.5] twc-text-[calc(var(--adjust-font-size)+12px)]" colspan="1" width="calc(50% - 150px)">상품 상세페이지 참조</td><td class="twc-p-[12px_16px] twc-border-b-[1px_solid_#eee] twc-bg-[#fafafa] twc-text-[#111] twc-font-[700] twc-text-[calc(var(--adjust-font-size)+12px)] twc-overflow-hidden twc-text-left twc-border-b-[#eee] twc-border-solid twc-border-b-[1px]" width="150px">포장단위별 내용물의 용량(중량),수량,크기</td><td class="twc-whitespace-normal twc-break-all twc-p-[12px_16px] twc-text-[#333] twc-border-b-[#eee] twc-border-solid twc-border-b-[1px] twc-leading-[1.5] twc-text-[calc(var(--adjust-font-size)+12px)]" colspan="1" width="calc(50% - 150px)">상품 상세페이지 참조</td></tr><tr><td class="twc-p-[12px_16px] twc-border-b-[1px_solid_#eee] twc-bg-[#fafafa] twc-text-[#111] twc-font-[700] twc-text-[calc(var(--adjust-font-size)+12px)] twc-overflow-hidden twc-text-left twc-border-b-[#eee] twc-border-solid twc-border-b-[1px]" width="150px">생산자(수입자)</td><td class="twc-whitespace-normal twc-break-all twc-p-[12px_16px] twc-text-[#333] twc-border-b-[#eee] twc-border-solid twc-border-b-[1px] twc-leading-[1.5] twc-text-[calc(var(--adjust-font-size)+12px)]" colspan="1" width="calc(50% - 150px)">상품 상세페이지 참조</td><td class="twc-p-[12px_16px] twc-border-b-[1px_solid_#eee] twc-bg-[#fafafa] twc-text-[#111] twc-font-[700] twc-text-[calc(var(--adjust-font-size)+12px)] twc-overflow-hidden twc-text-left twc-border-b-[#eee] twc-border-solid twc-border-b-[1px]" width="150px">원산지</td><td class="twc-whitespace-normal twc-break-all twc-p-[12px_16px] twc-text-[#333] twc-border-b-[#eee] twc-border-solid twc-border-b-[1px] twc-leading-[1.5] twc-text-[calc(var(--adjust-font-size)+12px)]" colspan="1" width="calc(50% - 150px)">상품 상세페이지 참조</td></tr><tr><td class="twc-p-[12px_16px] twc-border-b-[1px_solid_#eee] twc-bg-[#fafafa] twc-text-[#111] twc-font-[700] twc-text-[calc(var(--adjust-font-size)+12px)] twc-overflow-hidden twc-text-left twc-border-b-[#eee] twc-border-solid twc-border-b-[1px]" width="150px">제조연월일, 소비기한 또는 품질유지기한</td><td class="twc-whitespace-normal twc-break-all twc-p-[12px_16px] twc-text-[#333] twc-border-b-[#eee] twc-border-solid twc-border-b-[1px] twc-leading-[1.5] twc-text-[calc(var(--adjust-font-size)+12px)]" colspan="1" width="calc(50% - 150px)">상품 상세페이지 참조</td><td class="twc-p-[12px_16px] twc-border-b-[1px_solid_#eee] twc-bg-[#fafafa] twc-text-[#111] twc-font-[700] twc-text-[calc(var(--adjust-font-size)+12px)] twc-overflow-hidden twc-text-left twc-border-b-[#eee] twc-border-solid twc-border-b-[1px]" width="150px">세부 품목군별 표시사항</td><td class="twc-whitespace-normal twc-break-all twc-p-[12px_16px] twc-text-[#333] twc-border-b-[#eee] twc-border-solid twc-border-b-[1px] twc-leading-[1.5] twc-text-[calc(var(--adjust-font-size)+12px)]" colspan="1" width="calc(50% - 150px)">상품 상세페이지 참조</td></tr></tbody></table><div class="twc-w-[100%] twc-p-[12px_0] twc-text-center twc-border-b-[1px_solid_#eee] twc-flex twc-items-center twc-justify-center"><div class="twc-text-[calc(var(--adjust-font-size)+14px)] twc-font-[700] twc-text-[#346add] twc-flex twc-items-center twc-justify-center twc-cursor-pointer"><span>필수 표기 정보 더보기</span><span class="twc-indent-[-9999px] twc-ml-[8px] twc-align-top twc-relative twc-top-[6px] twc-w-[12px] twc-h-[17px] twc-bg-no-repeat twc-bg-[url('//img1a.coupangcdn.com/image/dragonstone/sdp/PCSDP_imageasset_171215-min.png')] twc-bg-[-395px_-231px]">더보기</span></div></div></div><div class="twc-p-[18px_16px] twc-bg-[#fce9e6] twc-rounded-[4px] twc-text-[#e12705] twc-flex twc-mb-[16px] twc-items-center"><span class="twc-flex-shrink-0 twc-mb-[4px] twc-h-[16px] twc-w-[16px] twc-align-middle twc-bg-cover twc-bg-[url('data:image/svg+xml;base64,PHN2ZyB4bWxucz0iaHR0cDovL3d3dy53My5vcmcvMjAwMC9zdmciIHdpZHRoPSIyNCIgaGVpZ2h0PSIyNCIgdmlld0JveD0iMCAwIDI0IDI0Ij4KICAgIDxnIGZpbGw9Im5vbmUiIGZpbGwtcnVsZT0iZXZlbm9kZCI+CiAgICAgICAgPHBhdGggZmlsbD0iI0ZGRiIgZmlsbC1vcGFjaXR5PSIwIiBkPSJNMCAyNEwyNCAyNCAyNCAwIDAgMHoiLz4KICAgICAgICA8cGF0aCBmaWxsPSIjRTEyNzA1IiBmaWxsLXJ1bGU9Im5vbnplcm8iIGQ9Ik0xMiAwYzMuMjA1IDAgNi4yMTkgMS4yNDggOC40ODUgMy41MTVDMjIuNzUyIDUuNzggMjQgOC43OTUgMjQgMTJjMCAzLjIwNS0xLjI0OCA2LjIxOS0zLjUxNSA4LjQ4NUMxOC4yMiAyMi43NTIgMTUuMjA1IDI0IDEyIDI0Yy0zLjIwNSAwLTYuMjE5LTEuMjQ4LTguNDg1LTMuNTE1QzEuMjQ4IDE4LjIyIDAgMTUuMjA1IDAgMTJjMC0zLjIwNSAxLjI0OC02LjIxOSAzLjUxNS04LjQ4NUM1Ljc4IDEuMjQ4IDguNzk1IDAgMTIgMHptMCAxNi41Yy0uNjkgMC0xLjI1LjU2LTEuMjUgMS4yNVMxMS4zMSAxOSAxMiAxOXMxLjI1LS41NiAxLjI1LTEuMjUtLjU2LTEuMjUtMS4yNS0xLjI1ek0xMi4wMjUgNWMtLjU1MiAwLTEgLjQ0OC0xIDF2OGwuMDA3LjExN2MuMDU3LjQ5Ny40OC44ODMuOTkzLjg4My41NTIgMCAxLS40NDggMS0xVjZsLS4wMDctLjExN2MtLjA1Ny0uNDk3LS40OC0uODgzLS45OTMtLjg4M3oiLz4KICAgIDwvZz4KPC9zdmc+Cg==')]"></span><span class="twc-text-[16px] twc-leading-[20px] twc-pl-[8px]">판매자가 현금거래를 요구하면 거부하시고 즉시 사기 거래 신고센터 (1670-9832)에 신고하시기 바랍니다.</span></div><div class="product-detail-content hide-overflow product-detail-content-new"><div class="product-detail-content-inside"><div class="vendor-item"><div class="type-IMAGE_NO_SPACE"><div class="subType-IMAGE with-width-780"><img width="100%" alt="" loading="lazy" src="//thumbnail.coupangcdn.com/thumbnails/remote/q89/image/vendor_inventory/5fa4/cdd1c808009ae133c308032cd7de20675bc0787b267dbe76dca7745971ce.png"></div></div><div class="type-IMAGE_NO_SPACE"><div class="subType-IMAGE with-width-780"><img width="100%" alt="" loading="lazy" src="//thumbnail.coupangcdn.com/thumbnails/remote/q89/image/vendor_inventory/3e19/a5c8a1d7de6ea8e995d7b3799f1a0e94eb755e03c3f477c94e456185fcad.jpg"></div></div><div class="type-IMAGE_NO_SPACE"><div class="subType-IMAGE with-width-780"><img width="100%" alt="" loading="lazy" src="//thumbnail.coupangcdn.com/thumbnails/remote/q89/image/vendor_inventory/51c2/be5a3ac4f1b84abc99482498855e2e20ca1010b22a32b47f9f5ec6ec631e.jpg"></div></div><div class="type-IMAGE_NO_SPACE"><div class="subType-IMAGE with-width-780"><img width="100%" alt="" loading="lazy" src="//thumbnail.coupangcdn.com/thumbnails/remote/q89/image/vendor_inventory/5265/0cc5fda8d3e3fc5d8e4544a51a743543e7f429d344c11fa09c67b87c3b6d.jpg"></div></div><div class="type-IMAGE_NO_SPACE"><div class="subType-IMAGE with-width-780"><img width="100%" alt="" loading="lazy" src="//thumbnail.coupangcdn.com/thumbnails/remote/q89/image/vendor_inventory/92e6/04d50e60da21c069a01f22da6e0931f483cddaeefd7b23a51c9e8ae260e0.jpg"></div></div></div></div><div class="product-detail-seemore"><div class="product-detail-seemore-btn"><h4>상품정보 더보기</h4></div></div></div><div class="also-view twc-max-w-[1020px] twc-my-0 twc-mx-auto"><div class="twc-flex twc-items-center twc-justify-between twc-pb-[20px] twc-pt-[40px]"><h2 class="twc-font-[700] twc-text-[#212B36] twc-text-[18px] twc-leading-[21px]">다른 고객이 함께 본 상품</h2><div class="twc-flex twc-items-center twc-justify-center max-[600px]:twc-hidden"><span class="twc-text-[#131516] twc-text-[16px] twc-font-[700] twc-leading-[19px]">1</span><span class="twc-text-[#131516] twc-text-[16px] twc-font-[400] twc-leading-[19px]">/3</span></div></div><div class="twc-relative"><div class="twc-w-[100%] twc-overflow-hidden twc-m-[0_auto]" style="width: 880px;"><div class="twc-flex twc-w-[max-content] max-[600px]:twc-overflow-auto max-[600px]:twc-w-[100%] max-[600px]:twc-relative" style="transform: translateX(0px);"><div class="also-view-product"><a href="//www.coupang.com/vp/products/7977626480?vendorItemId=93546253720&amp;sourceType=SDP_ALSO_VIEWED" target="_blank" rel="noopener noreferrer" title="한미 텐텐맛 멀티비타민 100정, 1개"><picture><source srcset="//thumbnail.coupangcdn.com/thumbnails/remote/320x320q90ex/image/vendor_inventory/e49f/6bf31e78e439c68aa4d8d2a401742ad5eeab4aea6fdadb1d7f321cce3e2d.jpg.webp" type="image/webp"><img alt="한미 텐텐맛 멀티비타민 100정, 1개" class="also-bought-product-img" width="165" height="165" src="//thumbnail.coupangcdn.com/thumbnails/remote/292x292ex/image/vendor_inventory/e49f/6bf31e78e439c68aa4d8d2a401742ad5eeab4aea6fdadb1d7f321cce3e2d.jpg"></picture><strong class="twc-pt-[8px] twc-text-[calc(var(--adjust-font-size)+12px)] twc-text-[#111] twc-font-[400] twc-line-clamp-2 twc-overflow-hidden">한미 텐텐맛 멀티비타민 100정, 1개</strong><div class="also-bought-price"><span class="price"><span class="twc-font-[700] twc-text-[14px]">15,460</span>원</span><div class="rl-item__unit-price">(1정당 155원)</div><div class="rl-item__review"><span class="rl-item__review-score-bg"><span class="rl-item__review-score" style="width: 100%;"><em>100%</em></span></span><span class="rl-item__review-count">(1,952)</span></div></div></a></div><div class="also-view-product"><a href="//www.coupang.com/vp/products/8760866973?vendorItemId=92466978879&amp;sourceType=SDP_ALSO_VIEWED" target="_blank" rel="noopener noreferrer" title="한미사이언스 텐텐맛 멀티비타민 츄정 5개입, 딸기맛, 200g, 1개"><picture><source srcset="//thumbnail.coupangcdn.com/thumbnails/remote/320x320q90ex/image/retail/images/2025/05/08/11/7/c3825b97-09d1-4a7e-b82a-1cb9292ec9ef.jpg.webp" type="image/webp"><img alt="한미사이언스 텐텐맛 멀티비타민 츄정 5개입, 딸기맛, 200g, 1개" class="also-bought-product-img" width="165" height="165" src="//thumbnail.coupangcdn.com/thumbnails/remote/292x292ex/image/retail/images/2025/05/08/11/7/c3825b97-09d1-4a7e-b82a-1cb9292ec9ef.jpg"></picture><strong class="twc-pt-[8px] twc-text-[calc(var(--adjust-font-size)+12px)] twc-text-[#111] twc-font-[400] twc-line-clamp-2 twc-overflow-hidden">한미사이언스 텐텐맛 멀티비타민 츄정 5개입, 딸기맛, 200g, 1개</strong><div class="also-bought-price"><span class="price"><span class="twc-font-[700] twc-text-[14px]">12,500</span>원</span><img class="rl-item__badge" alt="badge" loading="lazy" src="https://image.coupangcdn.com/image/badges/rocket/rocket_logo.png"><div class="rl-item__unit-price">(10g당 625원)</div><div class="rl-item__review"><span class="rl-item__review-score-bg"><span class="rl-item__review-score" style="width: 100%;"><em>100%</em></span></span><span class="rl-item__review-count">(99)</span></div></div></a></div><div class="also-view-product"><a href="//www.coupang.com/vp/products/8682173597?vendorItemId=92200316327&amp;sourceType=SDP_ALSO_VIEWED" target="_blank" rel="noopener noreferrer" title="어린이 츄어블 영양제 한미 추억의 텐텐 멀티비타민 리미티드 HACCP인증, 8개, 40g"><picture><source srcset="//thumbnail.coupangcdn.com/thumbnails/remote/320x320q90ex/image/vendor_inventory/image_audit/prod/e949b6af-7307-4848-aff0-902978007062_fixing_v2.png.webp" type="image/webp"><img alt="어린이 츄어블 영양제 한미 추억의 텐텐 멀티비타민 리미티드 HACCP인증, 8개, 40g" class="also-bought-product-img" width="165" height="165" src="//thumbnail.coupangcdn.com/thumbnails/remote/292x292ex/image/vendor_inventory/image_audit/prod/e949b6af-7307-4848-aff0-902978007062_fixing_v2.png"></picture><strong class="twc-pt-[8px] twc-text-[calc(var(--adjust-font-size)+12px)] twc-text-[#111] twc-font-[400] twc-line-clamp-2 twc-overflow-hidden">어린이 츄어블 영양제 한미 추억의 텐텐 멀티비타민 리미티드 HACCP인증, 8개, 40g</strong><div class="also-bought-price"><span class="price"><span class="twc-font-[700] twc-text-[14px]">24,990</span>원</span><div class="rl-item__unit-price">(10g당 781원)</div><div class="rl-item__review"><span class="rl-item__review-score-bg"><span class="rl-item__review-score" style="width: 90%;"><em>90%</em></span></span><span class="rl-item__review-count">(20)</span></div></div></a></div><div class="also-view-product"><a href="//www.coupang.com/vp/products/8313323582?vendorItemId=93029996742&amp;sourceType=SDP_ALSO_VIEWED" target="_blank" rel="noopener noreferrer" title="한미 추억의 텐텐 츄정 1박스 80정, 3개"><picture><source srcset="//thumbnail.coupangcdn.com/thumbnails/remote/320x320q90ex/image/vendor_inventory/3fca/d29a6939076afcf00185ec5c500aa9453476c672a6c92b9778ca10f0189e.png.webp" type="image/webp"><img alt="한미 추억의 텐텐 츄정 1박스 80정, 3개" class="also-bought-product-img" width="165" height="165" src="//thumbnail.coupangcdn.com/thumbnails/remote/292x292ex/image/vendor_inventory/3fca/d29a6939076afcf00185ec5c500aa9453476c672a6c92b9778ca10f0189e.png"></picture><strong class="twc-pt-[8px] twc-text-[calc(var(--adjust-font-size)+12px)] twc-text-[#111] twc-font-[400] twc-line-clamp-2 twc-overflow-hidden">한미 추억의 텐텐 츄정 1박스 80정, 3개</strong><div class="also-bought-price"><span class="price"><span class="twc-font-[700] twc-text-[14px]">8,490</span>원</span><div class="rl-item__review"><span class="rl-item__review-score-bg"><span class="rl-item__review-score" style="width: 100%;"><em>100%</em></span></span><span class="rl-item__review-count">(4)</span></div></div></a></div><div class="also-view-product"><a href="//www.coupang.com/vp/products/8402488763?vendorItemId=91342705202&amp;sourceType=SDP_ALSO_VIEWED" target="_blank" rel="noopener noreferrer" title="한미 추억의 미니 텐텐맛츄정 10정, 40g, 10개"><picture><source srcset="//thumbnail.coupangcdn.com/thumbnails/remote/320x320q90ex/image/vendor_inventory/b719/1af491861f5e24554f543f29a26390ec0f8b927eef4840ee8aa40f8f2b0f.png.webp" type="image/webp"><img alt="한미 추억의 미니 텐텐맛츄정 10정, 40g, 10개" class="also-bought-product-img" width="165" height="165" src="//thumbnail.coupangcdn.com/thumbnails/remote/292x292ex/image/vendor_inventory/b719/1af491861f5e24554f543f29a26390ec0f8b927eef4840ee8aa40f8f2b0f.png"></picture><strong class="twc-pt-[8px] twc-text-[calc(var(--adjust-font-size)+12px)] twc-text-[#111] twc-font-[400] twc-line-clamp-2 twc-overflow-hidden">한미 추억의 미니 텐텐맛츄정 10정, 40g, 10개</strong><div class="also-bought-price"><span class="price"><span class="twc-font-[700] twc-text-[14px]">21,580</span>원</span><div class="rl-item__unit-price">(10g당 540원)</div><div class="rl-item__review"><span class="rl-item__review-score-bg"><span class="rl-item__review-score" style="width: 100%;"><em>100%</em></span></span><span class="rl-item__review-count">(74)</span></div></div></a></div><div class="also-view-product"><a href="//www.coupang.com/vp/products/6745478488?vendorItemId=85191836236&amp;sourceType=SDP_ALSO_VIEWED" target="_blank" rel="noopener noreferrer" title="네추럴라이즈 멀티비타민 꾸미, 60정, 3개"><picture><source srcset="//thumbnail.coupangcdn.com/thumbnails/remote/320x320q90ex/image/retail/images/74233292238450-07708214-1dec-4d39-956d-06d233c85329.jpg.webp" type="image/webp"><img alt="네추럴라이즈 멀티비타민 꾸미, 60정, 3개" class="also-bought-product-img" width="165" height="165" src="//thumbnail.coupangcdn.com/thumbnails/remote/292x292ex/image/retail/images/74233292238450-07708214-1dec-4d39-956d-06d233c85329.jpg"></picture><strong class="twc-pt-[8px] twc-text-[calc(var(--adjust-font-size)+12px)] twc-text-[#111] twc-font-[400] twc-line-clamp-2 twc-overflow-hidden">네추럴라이즈 멀티비타민 꾸미, 60정, 3개</strong><div class="also-bought-price"><span class="price"><span class="twc-font-[700] twc-text-[14px]">32,500</span>원</span><img class="rl-item__badge" alt="badge" loading="lazy" src="https://image.coupangcdn.com/image/badges/rocket/rocket_logo.png"><div class="rl-item__unit-price">(1정당 181원)</div><div class="rl-item__review"><span class="rl-item__review-score-bg"><span class="rl-item__review-score" style="width: 100%;"><em>100%</em></span></span><span class="rl-item__review-count">(11,296)</span></div></div></a></div><div class="also-view-product"><a href="//www.coupang.com/vp/products/7358564054?vendorItemId=86079253707&amp;sourceType=SDP_ALSO_VIEWED" target="_blank" rel="noopener noreferrer" title="추억의 텐텐 영양제 츄정 80정(10정x8봉)+쏠라씨 비타민C 30정 어린이 비타민 세트, 1세트, 20정"><picture><source srcset="//thumbnail.coupangcdn.com/thumbnails/remote/320x320q90ex/image/vendor_inventory/087c/44c26fe9ad2f6879c1161b6b83c7ed75a9be817af3a0523b40d1bcfd73fb.jpg.webp" type="image/webp"><img alt="추억의 텐텐 영양제 츄정 80정(10정x8봉)+쏠라씨 비타민C 30정 어린이 비타민 세트, 1세트, 20정" class="also-bought-product-img" width="165" height="165" src="//thumbnail.coupangcdn.com/thumbnails/remote/292x292ex/image/vendor_inventory/087c/44c26fe9ad2f6879c1161b6b83c7ed75a9be817af3a0523b40d1bcfd73fb.jpg"></picture><strong class="twc-pt-[8px] twc-text-[calc(var(--adjust-font-size)+12px)] twc-text-[#111] twc-font-[400] twc-line-clamp-2 twc-overflow-hidden">추억의 텐텐 영양제 츄정 80정(10정x8봉)+쏠라씨 비타민C 30정 어린이 비타민 세트, 1세트, 20정</strong><div class="also-bought-price"><span class="price"><span class="twc-font-[700] twc-text-[14px]">23,990</span>원</span><img class="rl-item__badge" alt="badge" loading="lazy" src="https://image.coupangcdn.com/image/coupang/rds/logo/iphone_2x/logoRocketMerchantLargeV3R3@2x.png"><div class="rl-item__unit-price">(1정당 1,200원)</div><div class="rl-item__review"><span class="rl-item__review-score-bg"><span class="rl-item__review-score" style="width: 90%;"><em>90%</em></span></span><span class="rl-item__review-count">(32)</span></div></div></a></div><div class="also-view-product"><a href="//www.coupang.com/vp/products/8289771092?vendorItemId=92039888996&amp;sourceType=SDP_ALSO_VIEWED" target="_blank" rel="noopener noreferrer" title="추억의 미니 텐텐맛 츄정 10정입 8팩/1박스 씹어먹는 영양제 + 지우개밴드 멸균밴드 10매, 320g, 1박스"><picture><source srcset="//thumbnail.coupangcdn.com/thumbnails/remote/320x320q90ex/image/vendor_inventory/492c/bff124aad81cdf60c0126cb4590fe02772153b0bacf31f5ca30bd2586302.jpg.webp" type="image/webp"><img alt="추억의 미니 텐텐맛 츄정 10정입 8팩/1박스 씹어먹는 영양제 + 지우개밴드 멸균밴드 10매, 320g, 1박스" class="also-bought-product-img" width="165" height="165" src="//thumbnail.coupangcdn.com/thumbnails/remote/292x292ex/image/vendor_inventory/492c/bff124aad81cdf60c0126cb4590fe02772153b0bacf31f5ca30bd2586302.jpg"></picture><strong class="twc-pt-[8px] twc-text-[calc(var(--adjust-font-size)+12px)] twc-text-[#111] twc-font-[400] twc-line-clamp-2 twc-overflow-hidden">추억의 미니 텐텐맛 츄정 10정입 8팩/1박스 씹어먹는 영양제 + 지우개밴드 멸균밴드 10매, 320g, 1박스</strong><div class="also-bought-price"><span class="price"><span class="twc-font-[700] twc-text-[14px]">22,800</span>원</span><img class="rl-item__badge" alt="badge" loading="lazy" src="https://image.coupangcdn.com/image/coupang/rds/logo/iphone_2x/logoRocketMerchantLargeV3R3@2x.png"><div class="rl-item__unit-price">(10g당 713원)</div><div class="rl-item__review"><span class="rl-item__review-score-bg"><span class="rl-item__review-score" style="width: 100%;"><em>100%</em></span></span><span class="rl-item__review-count">(257)</span></div></div></a></div><div class="also-view-product"><a href="//www.coupang.com/vp/products/8320750015?vendorItemId=87578055538&amp;sourceType=SDP_ALSO_VIEWED" target="_blank" rel="noopener noreferrer" title="한미 추억의 텐텐 츄정 8봉 80정 어린이 멀티비타민 키즈 종합비타민, 40g, 1박스"><picture><source srcset="//thumbnail.coupangcdn.com/thumbnails/remote/320x320q90ex/image/vendor_inventory/087c/44c26fe9ad2f6879c1161b6b83c7ed75a9be817af3a0523b40d1bcfd73fb.jpg.webp" type="image/webp"><img alt="한미 추억의 텐텐 츄정 8봉 80정 어린이 멀티비타민 키즈 종합비타민, 40g, 1박스" class="also-bought-product-img" width="165" height="165" src="//thumbnail.coupangcdn.com/thumbnails/remote/292x292ex/image/vendor_inventory/087c/44c26fe9ad2f6879c1161b6b83c7ed75a9be817af3a0523b40d1bcfd73fb.jpg"></picture><strong class="twc-pt-[8px] twc-text-[calc(var(--adjust-font-size)+12px)] twc-text-[#111] twc-font-[400] twc-line-clamp-2 twc-overflow-hidden">한미 추억의 텐텐 츄정 8봉 80정 어린이 멀티비타민 키즈 종합비타민, 40g, 1박스</strong><div class="also-bought-price"><span class="price"><span class="twc-font-[700] twc-text-[14px]">23,900</span>원</span><img class="rl-item__badge" alt="badge" loading="lazy" src="https://image.coupangcdn.com/image/coupang/rds/logo/iphone_2x/logoRocketMerchantLargeV3R3@2x.png"><div class="rl-item__unit-price">(10g당 5,975원)</div><div class="rl-item__review"><span class="rl-item__review-score-bg"><span class="rl-item__review-score" style="width: 100%;"><em>100%</em></span></span><span class="rl-item__review-count">(92)</span></div></div></a></div><div class="also-view-product"><a href="//www.coupang.com/vp/products/7762379193?vendorItemId=85549894007&amp;sourceType=SDP_ALSO_VIEWED" target="_blank" rel="noopener noreferrer" title="대상웰라이프 마이키즈 멀티비타민 미네랄 구미, 60정, 1개"><picture><source srcset="//thumbnail.coupangcdn.com/thumbnails/remote/320x320q90ex/image/vendor_inventory/e0d6/a9fda18a1282f36e24ab4f34b49d77abe0b4864e353567f9cccc88948049.jpg.webp" type="image/webp"><img alt="대상웰라이프 마이키즈 멀티비타민 미네랄 구미, 60정, 1개" class="also-bought-product-img" width="165" height="165" src="//thumbnail.coupangcdn.com/thumbnails/remote/292x292ex/image/vendor_inventory/e0d6/a9fda18a1282f36e24ab4f34b49d77abe0b4864e353567f9cccc88948049.jpg"></picture><strong class="twc-pt-[8px] twc-text-[calc(var(--adjust-font-size)+12px)] twc-text-[#111] twc-font-[400] twc-line-clamp-2 twc-overflow-hidden">대상웰라이프 마이키즈 멀티비타민 미네랄 구미, 60정, 1개</strong><div class="also-bought-price"><span class="price"><span class="twc-font-[700] twc-text-[14px]">10,800</span>원</span><img class="rl-item__badge" alt="badge" loading="lazy" src="https://image.coupangcdn.com/image/badges/rocket/rocket_logo.png"><div class="rl-item__unit-price">(1정당 180원)</div><div class="rl-item__review"><span class="rl-item__review-score-bg"><span class="rl-item__review-score" style="width: 90%;"><em>90%</em></span></span><span class="rl-item__review-count">(619)</span></div></div></a></div><div class="also-view-product"><a href="//www.coupang.com/vp/products/7985109328?vendorItemId=89320262118&amp;sourceType=SDP_ALSO_VIEWED" target="_blank" rel="noopener noreferrer" title="한미 쎄쎄맛 비타민C 100정, 1개"><picture><source srcset="//thumbnail.coupangcdn.com/thumbnails/remote/320x320q90ex/image/vendor_inventory/2c26/b1446263d9f5e52e66b5b1c97c759742e8959b0da95f16353a4c381e0bc8.png.webp" type="image/webp"><img alt="한미 쎄쎄맛 비타민C 100정, 1개" class="also-bought-product-img" width="165" height="165" src="//thumbnail.coupangcdn.com/thumbnails/remote/292x292ex/image/vendor_inventory/2c26/b1446263d9f5e52e66b5b1c97c759742e8959b0da95f16353a4c381e0bc8.png"></picture><strong class="twc-pt-[8px] twc-text-[calc(var(--adjust-font-size)+12px)] twc-text-[#111] twc-font-[400] twc-line-clamp-2 twc-overflow-hidden">한미 쎄쎄맛 비타민C 100정, 1개</strong><div class="also-bought-price"><span class="price"><span class="twc-font-[700] twc-text-[14px]">12,850</span>원</span><div class="rl-item__unit-price">(1정당 129원)</div><div class="rl-item__review"><span class="rl-item__review-score-bg"><span class="rl-item__review-score" style="width: 100%;"><em>100%</em></span></span><span class="rl-item__review-count">(30)</span></div></div></a></div><div class="also-view-product"><a href="//www.coupang.com/vp/products/8936379621?vendorItemId=93108370216&amp;sourceType=SDP_ALSO_VIEWED" target="_blank" rel="noopener noreferrer" title="한국총판 샤오커오라 비타팝스캔디 12가지맛 믹스, 1개, 500g"><picture><source srcset="//thumbnail.coupangcdn.com/thumbnails/remote/320x320q90ex/image/vendor_inventory/5b96/f1ac72c2ea9014aa1260016ebfd298a44bbc00d3aa8d823aee8247bc166e.jpg.webp" type="image/webp"><img alt="한국총판 샤오커오라 비타팝스캔디 12가지맛 믹스, 1개, 500g" class="also-bought-product-img" width="165" height="165" src="//thumbnail.coupangcdn.com/thumbnails/remote/292x292ex/image/vendor_inventory/5b96/f1ac72c2ea9014aa1260016ebfd298a44bbc00d3aa8d823aee8247bc166e.jpg"></picture><strong class="twc-pt-[8px] twc-text-[calc(var(--adjust-font-size)+12px)] twc-text-[#111] twc-font-[400] twc-line-clamp-2 twc-overflow-hidden">한국총판 샤오커오라 비타팝스캔디 12가지맛 믹스, 1개, 500g</strong><div class="also-bought-price"><span class="price"><span class="twc-font-[700] twc-text-[14px]">16,900</span>원</span><div class="rl-item__unit-price">(10g당 338원)</div><div class="rl-item__review"><span class="rl-item__review-score-bg"><span class="rl-item__review-score" style="width: 100%;"><em>100%</em></span></span><span class="rl-item__review-count">(126)</span></div></div></a></div><div class="also-view-product"><a href="//www.coupang.com/vp/products/7126499859?vendorItemId=85019017509&amp;sourceType=SDP_ALSO_VIEWED" target="_blank" rel="noopener noreferrer" title="아텍스 맛있는 키즈비타민, 1000정, 1개"><picture><source srcset="//thumbnail.coupangcdn.com/thumbnails/remote/320x320q90ex/image/retail/images/565240197383602-f98a01dc-fae0-4409-bfc1-0d1c5dea1981.jpg.webp" type="image/webp"><img alt="아텍스 맛있는 키즈비타민, 1000정, 1개" class="also-bought-product-img" width="165" height="165" src="//thumbnail.coupangcdn.com/thumbnails/remote/292x292ex/image/retail/images/565240197383602-f98a01dc-fae0-4409-bfc1-0d1c5dea1981.jpg"></picture><strong class="twc-pt-[8px] twc-text-[calc(var(--adjust-font-size)+12px)] twc-text-[#111] twc-font-[400] twc-line-clamp-2 twc-overflow-hidden">아텍스 맛있는 키즈비타민, 1000정, 1개</strong><div class="also-bought-price"><span class="price"><span class="twc-font-[700] twc-text-[14px]">23,750</span>원</span><img class="rl-item__badge" alt="badge" loading="lazy" src="https://image.coupangcdn.com/image/badges/rocket/rocket_logo.png"><div class="rl-item__unit-price">(1정당 24원)</div><div class="rl-item__review"><span class="rl-item__review-score-bg"><span class="rl-item__review-score" style="width: 100%;"><em>100%</em></span></span><span class="rl-item__review-count">(842)</span></div></div></a></div><div class="also-view-product"><a href="//www.coupang.com/vp/products/8743649612?vendorItemId=92699311246&amp;sourceType=SDP_ALSO_VIEWED" target="_blank" rel="noopener noreferrer" title="딸기맛 츄정 텐텐맛 멀티비타민 어린이 비타민 한미 한미, 1개, 100정"><picture><source srcset="//thumbnail.coupangcdn.com/thumbnails/remote/320x320q90ex/image/vendor_inventory/b424/dab354f1d64c7289287fe3bd6b2c599275a5c75d955c1684c99a89b5b23d.png.webp" type="image/webp"><img alt="딸기맛 츄정 텐텐맛 멀티비타민 어린이 비타민 한미 한미, 1개, 100정" class="also-bought-product-img" width="165" height="165" src="//thumbnail.coupangcdn.com/thumbnails/remote/292x292ex/image/vendor_inventory/b424/dab354f1d64c7289287fe3bd6b2c599275a5c75d955c1684c99a89b5b23d.png"></picture><strong class="twc-pt-[8px] twc-text-[calc(var(--adjust-font-size)+12px)] twc-text-[#111] twc-font-[400] twc-line-clamp-2 twc-overflow-hidden">딸기맛 츄정 텐텐맛 멀티비타민 어린이 비타민 한미 한미, 1개, 100정</strong><div class="also-bought-price"><span class="price"><span class="twc-font-[700] twc-text-[14px]">17,290</span>원</span><div class="rl-item__unit-price">(1정당 173원)</div><div class="rl-item__review"><span class="rl-item__review-score-bg"><span class="rl-item__review-score" style="width: 100%;"><em>100%</em></span></span><span class="rl-item__review-count">(11)</span></div></div></a></div></div><div class="twc-absolute twc-cursor-pointer twc-top-1/2 twc-translate-y-[-20px] twc-w-[36px] twc-h-[39px] twc-indent-[-9999px] twc-bg-[url('https://static.coupangcdn.com/image/fodium/desktop/widget-sdp-alsoviewedproducts-20160622.png')] twc-bg-no-repeat twc-left-0 twc-bg-[-2px_-43px] hover:twc-bg-[-40px_-2px] max-[600px]:twc-hidden"></div><div class="twc-absolute twc-cursor-pointer twc-top-1/2 twc-translate-y-[-20px] twc-w-[36px] twc-h-[39px] twc-indent-[-9999px] twc-bg-[url('https://static.coupangcdn.com/image/fodium/desktop/widget-sdp-alsoviewedproducts-20160622.png')] twc-bg-no-repeat twc-right-0 twc-bg-[-78px_-2px] hover:twc-bg-[-2px_-2px] max-[600px]:twc-hidden"></div></div></div></div><div style="cursor: pointer; margin-bottom: 10px; display: initial;"><div id="midCarousel2" style="position: relative;"><a href="#" class="carousel-arrow-button prev"></a><a href="#" class="carousel-arrow-button next"></a><div style="display: flex; flex-direction: column; background-color: rgba(255, 255, 255, 1); overflow: hidden;" class="cmg-dco-template"><div style="display: flex; flex-direction: row; -webkit-box-sizing: border-box; width: 100%;; height: 54px; min-height: 54px; align-items: center"><div style="-webkit-line-clamp: 1; overflow: hidden; display: -webkit-box!important; -webkit-box-orient: vertical; width: 100%; flex-grow: 1; padding: 0px 0px 0px 6px"><span style="font-size: 18px; font-weight: bold; color: rgba(33, 43, 54, 1); word-break: break-all; vertical-align: middle">이런 상품은 어때요?</span></div><div style="-webkit-line-clamp: 1; overflow: hidden; display: -webkit-box!important; -webkit-box-orient: vertical; min-width: fit-content; width: fit-content; margin: 0px 16px 0px 0px"><span style="font-size: 12px; font-weight: normal; color: rgba(17, 17, 17, 0.3); word-break: break-all; vertical-align: middle">AD</span></div></div><div class="cmg-dco-carousel" style="display: flex; flex-direction: row; box-sizing: border-box; width: 100%; margin: 0px 0px 0px 4px; min-width: 100%;"><div style="display: flex; flex-direction: row; -webkit-box-sizing: border-box; min-width: fit-content; width: fit-content"><div style="display: flex; flex-direction: column; width: 124px; min-width: 124px; margin: 0px 12px 16px 12px" class="cmg-dco-carousel-item cmg-dco-carousel-product hover-style-E view-logged" data-adsplatform="{&quot;viewImpression&quot;: &quot;https://mercury.coupang.com/e.gif?r=8ee7bd40-990a-11f0-9a11-661a5c6409d5%7E2&amp;templateId=3880&quot;}"><div style="width: 124px; min-width: 124px; height: 124px;min-height: 124px; margin: 0px 0px 8px 0px; overflow: hidden"><img src="https://thumbnail13.coupangcdn.com/thumbnails/remote/292x292q65ex/image/vendor_inventory/e49f/6bf31e78e439c68aa4d8d2a401742ad5eeab4aea6fdadb1d7f321cce3e2d.jpg" style="vertical-align: top; height: 100%; object-fit: contain; border-radius: 0px 0px 0px 0px; " class="main-image"></div><div style="-webkit-line-clamp: 100; overflow: hidden; display: -webkit-box!important; -webkit-box-orient: vertical; min-width: fit-content; width: fit-content; padding: 0px 0px 6px 0px"><span style="font-size: 12px; font-weight: bold; color: rgba(99, 115, 129, 1); word-break: break-all; vertical-align: middle">무료배송</span></div><div style="-webkit-line-clamp: 2; overflow: hidden; display: -webkit-box!important; -webkit-box-orient: vertical; width: 100%;; margin: 0px 0px 4px 0px"><span style="font-size: 14px; font-weight: normal; color: rgba(33, 43, 54, 1); word-break: break-all; vertical-align: middle" class="product-title">한미 텐텐맛 멀티비타민 100정, 1개</span></div><div style="display: flex; flex-direction: row; -webkit-box-sizing: border-box; min-width: fit-content; width: fit-content; margin: 0px 0px 4px 0px; align-items: center"><div style="-webkit-line-clamp: 1; overflow: hidden; display: -webkit-box!important; -webkit-box-orient: vertical; min-width: fit-content; width: fit-content; margin: 0px 4px 0px 0px"><span style="font-size: 14px; font-weight: bold; color: rgba(203, 20, 0, 1); word-break: break-all; vertical-align: middle">15,460원</span></div></div><div style="display: flex; flex-direction: column; min-width: fit-content; width: fit-content; margin: 0px 0px 4px 0px"></div><div style="display: flex; flex-direction: row; -webkit-box-sizing: border-box; min-width: fit-content; width: fit-content"><div style="display: flex; flex-direction: row; -webkit-box-sizing: border-box; min-width: fit-content; width: fit-content; height: 16px; min-height: 16px; padding: 0px 4px 1px 4px; margin: 0px 0px 6px 0px; background-color: rgba(225, 39, 5, 1); border-radius: 4px 4px 4px 4px; align-items: center"><div style="-webkit-line-clamp: 1; overflow: hidden; display: -webkit-box!important; -webkit-box-orient: vertical; min-width: fit-content; width: fit-content; margin: 0px 2px 0px 0px"><span style="font-size: 11px; font-weight: bold; color: rgba(255, 255, 255, 1); word-break: break-all; vertical-align: middle">35%</span></div><div style="-webkit-line-clamp: 1; overflow: hidden; display: -webkit-box!important; -webkit-box-orient: vertical; min-width: fit-content; width: fit-content"><span style="font-size: 11px; font-weight: bold; color: rgba(255, 255, 255, 1); word-break: break-all; vertical-align: middle">할인</span></div></div></div><div style="display: flex; flex-direction: row; -webkit-box-sizing: border-box; min-width: fit-content; width: fit-content; align-items: flex-end"><div style="display: flex; min-width: fit-content; width: fit-content; height: 13px; min-height: 13px; margin: 0px 2px 0px 0px"><span style="display: block; background-image: url(//static.coupangcdn.com/image/cmg/common/rating-star/RDS.png); background-repeat: no-repeat; width: 60px; height: 12px; background-size: 60px 24px; background-position: 0 -12px"><em style="display: block; background-image: url(//static.coupangcdn.com/image/cmg/common/rating-star/RDS.png); background-repeat: no-repeat; width: 100%; height: 12px; background-size: 60px 24px; background-position: 0 0"></em></span></div><div style="-webkit-line-clamp: 1; overflow: hidden; display: -webkit-box!important; -webkit-box-orient: vertical; min-width: fit-content; width: fit-content"><span style="font-size: 12px; font-weight: normal; color: rgba(118, 134, 149, 1); word-break: break-all; vertical-align: middle">(1,952)</span></div></div></div><div style="display: flex; flex-direction: column; width: 1px; min-width: 1px; align-self: stretch; margin: 0px 0px 16px 0px; background-color: rgba(238, 238, 238, 1)"></div></div><div style="display: flex; flex-direction: row; -webkit-box-sizing: border-box; min-width: fit-content; width: fit-content"><div style="display: flex; flex-direction: column; width: 124px; min-width: 124px; margin: 0px 12px 16px 12px" class="cmg-dco-carousel-item cmg-dco-carousel-product hover-style-E view-logged" data-adsplatform="{&quot;viewImpression&quot;: &quot;https://mercury.coupang.com/e.gif?r=8ee7bd40-990a-11f0-a0bc-4ebcb36be2f6%7E2&amp;templateId=3880&quot;}"><div style="width: 124px; min-width: 124px; height: 124px;min-height: 124px; margin: 0px 0px 8px 0px; overflow: hidden"><img src="https://thumbnail12.coupangcdn.com/thumbnails/remote/292x292q65ex/image/vendor_inventory/8806/d748b80a62241f7d7cf3b97b30cda0361db5689629df6ecf5d9155308657.jpg" style="vertical-align: top; height: 100%; object-fit: contain; border-radius: 0px 0px 0px 0px; " class="main-image"></div><div style="-webkit-line-clamp: 100; overflow: hidden; display: -webkit-box!important; -webkit-box-orient: vertical; min-width: fit-content; width: fit-content; padding: 0px 0px 6px 0px"><span style="font-size: 12px; font-weight: bold; color: rgba(99, 115, 129, 1); word-break: break-all; vertical-align: middle">무료배송</span></div><div style="-webkit-line-clamp: 2; overflow: hidden; display: -webkit-box!important; -webkit-box-orient: vertical; width: 100%;; margin: 0px 0px 4px 0px"><span style="font-size: 14px; font-weight: normal; color: rgba(33, 43, 54, 1); word-break: break-all; vertical-align: middle" class="product-title">리미티드 에디션 TenTen 한미 추억의 미니 텐텐맛 츄정 8봉지 x 2박스, 80g, 1박스</span></div><div style="display: flex; flex-direction: row; -webkit-box-sizing: border-box; min-width: fit-content; width: fit-content; margin: 0px 0px 4px 0px; align-items: center"><div style="-webkit-line-clamp: 1; overflow: hidden; display: -webkit-box!important; -webkit-box-orient: vertical; min-width: fit-content; width: fit-content; margin: 0px 4px 0px 0px"><span style="font-size: 14px; font-weight: bold; color: rgba(203, 20, 0, 1); word-break: break-all; vertical-align: middle">34,900원</span></div></div><div style="display: flex; flex-direction: column; min-width: fit-content; width: fit-content; margin: 0px 0px 4px 0px"></div><div style="display: flex; flex-direction: row; -webkit-box-sizing: border-box; min-width: fit-content; width: fit-content"></div><div style="display: flex; flex-direction: row; -webkit-box-sizing: border-box; min-width: fit-content; width: fit-content; align-items: flex-end"><div style="display: flex; min-width: fit-content; width: fit-content; height: 13px; min-height: 13px; margin: 0px 2px 0px 0px"><span style="display: block; background-image: url(//static.coupangcdn.com/image/cmg/common/rating-star/RDS.png); background-repeat: no-repeat; width: 60px; height: 12px; background-size: 60px 24px; background-position: 0 -12px"><em style="display: block; background-image: url(//static.coupangcdn.com/image/cmg/common/rating-star/RDS.png); background-repeat: no-repeat; width: 100%; height: 12px; background-size: 60px 24px; background-position: 0 0"></em></span></div><div style="-webkit-line-clamp: 1; overflow: hidden; display: -webkit-box!important; -webkit-box-orient: vertical; min-width: fit-content; width: fit-content"><span style="font-size: 12px; font-weight: normal; color: rgba(118, 134, 149, 1); word-break: break-all; vertical-align: middle">(74)</span></div></div></div><div style="display: flex; flex-direction: column; width: 1px; min-width: 1px; align-self: stretch; margin: 0px 0px 16px 0px; background-color: rgba(238, 238, 238, 1)"></div></div><div style="display: flex; flex-direction: row; -webkit-box-sizing: border-box; min-width: fit-content; width: fit-content"><div style="display: flex; flex-direction: column; width: 124px; min-width: 124px; margin: 0px 12px 16px 12px" class="cmg-dco-carousel-item cmg-dco-carousel-product hover-style-E view-logged" data-adsplatform="{&quot;viewImpression&quot;: &quot;https://mercury.coupang.com/e.gif?r=8ee7bd40-990a-11f0-8dbe-56a29d389379%7E2&amp;templateId=3880&quot;}"><div style="width: 124px; min-width: 124px; height: 124px;min-height: 124px; margin: 0px 0px 8px 0px; overflow: hidden"><img src="https://thumbnail9.coupangcdn.com/thumbnails/remote/292x292q65ex/image/vendor_inventory/087c/44c26fe9ad2f6879c1161b6b83c7ed75a9be817af3a0523b40d1bcfd73fb.jpg" style="vertical-align: top; height: 100%; object-fit: contain; border-radius: 0px 0px 0px 0px; " class="main-image"></div><div style="-webkit-line-clamp: 2; overflow: hidden; display: -webkit-box!important; -webkit-box-orient: vertical; width: 100%;; margin: 0px 0px 4px 0px"><span style="font-size: 14px; font-weight: normal; color: rgba(33, 43, 54, 1); word-break: break-all; vertical-align: middle" class="product-title">한미 추억의 텐텐 츄정 8봉 80정 어린이 멀티비타민 키즈 종합비타민, 40g, 1박스</span></div><div style="display: flex; flex-direction: row; -webkit-box-sizing: border-box; min-width: fit-content; width: fit-content; margin: 0px 0px 4px 0px; align-items: center"><div style="-webkit-line-clamp: 1; overflow: hidden; display: -webkit-box!important; -webkit-box-orient: vertical; min-width: fit-content; width: fit-content; margin: 0px 4px 0px 0px"><span style="font-size: 14px; font-weight: bold; color: rgba(203, 20, 0, 1); word-break: break-all; vertical-align: middle">23,900원</span></div></div><div style="display: flex; flex-direction: column; min-width: fit-content; width: fit-content; margin: 0px 0px 4px 0px"></div><div style="display: flex; flex-direction: row; -webkit-box-sizing: border-box; min-width: fit-content; width: fit-content"></div><div style="min-width: fit-content; width: fit-content; height: 18px;min-height: 18px; padding: 0px 0px 2px 0px; margin: 0px 2px 0px 0px; overflow: hidden"><img src="http://image4.coupangcdn.com/image/coupang/rds/logo/xxxhdpi/logo_rocket_merchant_medium_v3_r3.png" style="vertical-align: top; height: 100%; object-fit: contain; border-radius: 0px 0px 0px 0px; "></div><div style="display: flex; flex-direction: row; -webkit-box-sizing: border-box; min-width: fit-content; width: fit-content; align-items: flex-end"><div style="display: flex; min-width: fit-content; width: fit-content; height: 13px; min-height: 13px; margin: 0px 2px 0px 0px"><span style="display: block; background-image: url(//static.coupangcdn.com/image/cmg/common/rating-star/RDS.png); background-repeat: no-repeat; width: 60px; height: 12px; background-size: 60px 24px; background-position: 0 -12px"><em style="display: block; background-image: url(//static.coupangcdn.com/image/cmg/common/rating-star/RDS.png); background-repeat: no-repeat; width: 100%; height: 12px; background-size: 60px 24px; background-position: 0 0"></em></span></div><div style="-webkit-line-clamp: 1; overflow: hidden; display: -webkit-box!important; -webkit-box-orient: vertical; min-width: fit-content; width: fit-content"><span style="font-size: 12px; font-weight: normal; color: rgba(118, 134, 149, 1); word-break: break-all; vertical-align: middle">(92)</span></div></div></div><div style="display: flex; flex-direction: column; width: 1px; min-width: 1px; align-self: stretch; margin: 0px 0px 16px 0px; background-color: rgba(238, 238, 238, 1)"></div></div><div style="display: flex; flex-direction: row; -webkit-box-sizing: border-box; min-width: fit-content; width: fit-content"><div style="display: flex; flex-direction: column; width: 124px; min-width: 124px; margin: 0px 12px 16px 12px" class="cmg-dco-carousel-item cmg-dco-carousel-product hover-style-E view-logged" data-adsplatform="{&quot;viewImpression&quot;: &quot;https://mercury.coupang.com/e.gif?r=8ee7bd40-990a-11f0-a3a7-d9d485be5978%7E2&amp;templateId=3880&quot;}"><div style="width: 124px; min-width: 124px; height: 124px;min-height: 124px; margin: 0px 0px 8px 0px; overflow: hidden"><img src="https://thumbnail8.coupangcdn.com/thumbnails/remote/292x292q65ex/image/vendor_inventory/087c/44c26fe9ad2f6879c1161b6b83c7ed75a9be817af3a0523b40d1bcfd73fb.jpg" style="vertical-align: top; height: 100%; object-fit: contain; border-radius: 0px 0px 0px 0px; " class="main-image"></div><div style="-webkit-line-clamp: 2; overflow: hidden; display: -webkit-box!important; -webkit-box-orient: vertical; width: 100%;; margin: 0px 0px 4px 0px"><span style="font-size: 14px; font-weight: normal; color: rgba(33, 43, 54, 1); word-break: break-all; vertical-align: middle" class="product-title">추억의 텐텐 영양제 츄정 80정(10정x8봉)+쏠라씨 비타민C 30정 어린이 비타민 세트, 1세트, 20정</span></div><div style="display: flex; flex-direction: row; -webkit-box-sizing: border-box; min-width: fit-content; width: fit-content; margin: 0px 0px 4px 0px; align-items: center"><div style="-webkit-line-clamp: 1; overflow: hidden; display: -webkit-box!important; -webkit-box-orient: vertical; min-width: fit-content; width: fit-content; margin: 0px 4px 0px 0px"><span style="font-size: 14px; font-weight: bold; color: rgba(203, 20, 0, 1); word-break: break-all; vertical-align: middle">23,990원</span></div></div><div style="display: flex; flex-direction: column; min-width: fit-content; width: fit-content; margin: 0px 0px 4px 0px"></div><div style="display: flex; flex-direction: row; -webkit-box-sizing: border-box; min-width: fit-content; width: fit-content"></div><div style="min-width: fit-content; width: fit-content; height: 18px;min-height: 18px; padding: 0px 0px 2px 0px; margin: 0px 2px 0px 0px; overflow: hidden"><img src="http://image1.coupangcdn.com/image/coupang/rds/logo/xxxhdpi/logo_rocket_merchant_medium_v3_r3.png" style="vertical-align: top; height: 100%; object-fit: contain; border-radius: 0px 0px 0px 0px; "></div><div style="display: flex; flex-direction: row; -webkit-box-sizing: border-box; min-width: fit-content; width: fit-content; align-items: flex-end"><div style="display: flex; min-width: fit-content; width: fit-content; height: 13px; min-height: 13px; margin: 0px 2px 0px 0px"><span style="display: block; background-image: url(//static.coupangcdn.com/image/cmg/common/rating-star/RDS.png); background-repeat: no-repeat; width: 60px; height: 12px; background-size: 60px 24px; background-position: 0 -12px"><em style="display: block; background-image: url(//static.coupangcdn.com/image/cmg/common/rating-star/RDS.png); background-repeat: no-repeat; width: 90%; height: 12px; background-size: 60px 24px; background-position: 0 0"></em></span></div><div style="-webkit-line-clamp: 1; overflow: hidden; display: -webkit-box!important; -webkit-box-orient: vertical; min-width: fit-content; width: fit-content"><span style="font-size: 12px; font-weight: normal; color: rgba(118, 134, 149, 1); word-break: break-all; vertical-align: middle">(32)</span></div></div></div><div style="display: flex; flex-direction: column; width: 1px; min-width: 1px; align-self: stretch; margin: 0px 0px 16px 0px; background-color: rgba(238, 238, 238, 1)"></div></div><div style="display: flex; flex-direction: row; -webkit-box-sizing: border-box; min-width: fit-content; width: fit-content"><div style="display: flex; flex-direction: column; width: 124px; min-width: 124px; margin: 0px 12px 16px 12px" class="cmg-dco-carousel-item cmg-dco-carousel-product hover-style-E view-logged" data-adsplatform="{&quot;viewImpression&quot;: &quot;https://mercury.coupang.com/e.gif?r=8ee7bd40-990a-11f0-bb72-e50cdcf6e20b%7E2&amp;templateId=3880&quot;}"><div style="width: 124px; min-width: 124px; height: 124px;min-height: 124px; margin: 0px 0px 8px 0px; overflow: hidden"><img src="https://thumbnail13.coupangcdn.com/thumbnails/remote/292x292q65ex/image/vendor_inventory/50dc/a47a6859fe8b3e8fcd639ee3ad3e1264d167c7629d10b11ed0876a3c2bde.jpeg" style="vertical-align: top; height: 100%; object-fit: contain; border-radius: 0px 0px 0px 0px; " class="main-image"></div><div style="-webkit-line-clamp: 100; overflow: hidden; display: -webkit-box!important; -webkit-box-orient: vertical; min-width: fit-content; width: fit-content; padding: 0px 0px 6px 0px"><span style="font-size: 12px; font-weight: bold; color: rgba(99, 115, 129, 1); word-break: break-all; vertical-align: middle">무료배송</span></div><div style="-webkit-line-clamp: 2; overflow: hidden; display: -webkit-box!important; -webkit-box-orient: vertical; width: 100%;; margin: 0px 0px 4px 0px"><span style="font-size: 14px; font-weight: normal; color: rgba(33, 43, 54, 1); word-break: break-all; vertical-align: middle" class="product-title">리미티드 에디션 추억의 미니 텐텐맛츄정 비타민 칼슘 자일리톨 40g X 8개입 1박스, 8개</span></div><div style="display: flex; flex-direction: row; -webkit-box-sizing: border-box; min-width: fit-content; width: fit-content; margin: 0px 0px 4px 0px; align-items: center"><div style="-webkit-line-clamp: 1; overflow: hidden; display: -webkit-box!important; -webkit-box-orient: vertical; min-width: fit-content; width: fit-content; margin: 0px 4px 0px 0px"><span style="font-size: 14px; font-weight: bold; color: rgba(203, 20, 0, 1); word-break: break-all; vertical-align: middle">22,300원</span></div></div><div style="display: flex; flex-direction: column; min-width: fit-content; width: fit-content; margin: 0px 0px 4px 0px"></div><div style="display: flex; flex-direction: row; -webkit-box-sizing: border-box; min-width: fit-content; width: fit-content"></div><div style="display: flex; flex-direction: row; -webkit-box-sizing: border-box; min-width: fit-content; width: fit-content; align-items: flex-end"><div style="display: flex; min-width: fit-content; width: fit-content; height: 13px; min-height: 13px; margin: 0px 2px 0px 0px"><span style="display: block; background-image: url(//static.coupangcdn.com/image/cmg/common/rating-star/RDS.png); background-repeat: no-repeat; width: 60px; height: 12px; background-size: 60px 24px; background-position: 0 -12px"><em style="display: block; background-image: url(//static.coupangcdn.com/image/cmg/common/rating-star/RDS.png); background-repeat: no-repeat; width: 100%; height: 12px; background-size: 60px 24px; background-position: 0 0"></em></span></div><div style="-webkit-line-clamp: 1; overflow: hidden; display: -webkit-box!important; -webkit-box-orient: vertical; min-width: fit-content; width: fit-content"><span style="font-size: 12px; font-weight: normal; color: rgba(118, 134, 149, 1); word-break: break-all; vertical-align: middle">(4)</span></div></div></div><div style="display: flex; flex-direction: column; width: 1px; min-width: 1px; align-self: stretch; margin: 0px 0px 16px 0px; background-color: rgba(238, 238, 238, 1)"></div></div><div style="display: flex; flex-direction: row; -webkit-box-sizing: border-box; min-width: fit-content; width: fit-content"><div style="display: flex; flex-direction: column; width: 124px; min-width: 124px; margin: 0px 12px 16px 12px" class="cmg-dco-carousel-item cmg-dco-carousel-product hover-style-E view-logged" data-adsplatform="{&quot;viewImpression&quot;: &quot;https://mercury.coupang.com/e.gif?r=8ee7e450-990a-11f0-b3e9-13eda6547e29%7E2&amp;templateId=3880&quot;}"><div style="width: 124px; min-width: 124px; height: 124px;min-height: 124px; margin: 0px 0px 8px 0px; overflow: hidden"><img src="https://thumbnail13.coupangcdn.com/thumbnails/remote/292x292q65ex/image/vendor_inventory/3d86/c02bc95af13be6a001325df6bbb908d4645c12d37f8f906be31146912310.jpg" style="vertical-align: top; height: 100%; object-fit: contain; border-radius: 0px 0px 0px 0px; " class="main-image"></div><div style="-webkit-line-clamp: 100; overflow: hidden; display: -webkit-box!important; -webkit-box-orient: vertical; min-width: fit-content; width: fit-content; padding: 0px 0px 6px 0px"><span style="font-size: 12px; font-weight: bold; color: rgba(99, 115, 129, 1); word-break: break-all; vertical-align: middle">무료배송</span></div><div style="-webkit-line-clamp: 2; overflow: hidden; display: -webkit-box!important; -webkit-box-orient: vertical; width: 100%;; margin: 0px 0px 4px 0px"><span style="font-size: 14px; font-weight: normal; color: rgba(33, 43, 54, 1); word-break: break-all; vertical-align: middle" class="product-title">추억의 텐텐 영양제 츄정 80정 + 쏠라씨 블루베리맛 30정 SET, 1개</span></div><div style="display: flex; flex-direction: row; -webkit-box-sizing: border-box; min-width: fit-content; width: fit-content; margin: 0px 0px 4px 0px; align-items: center"><div style="-webkit-line-clamp: 1; overflow: hidden; display: -webkit-box!important; -webkit-box-orient: vertical; min-width: fit-content; width: fit-content; margin: 0px 4px 0px 0px"><span style="font-size: 14px; font-weight: bold; color: rgba(203, 20, 0, 1); word-break: break-all; vertical-align: middle">22,500원</span></div></div><div style="display: flex; flex-direction: column; min-width: fit-content; width: fit-content; margin: 0px 0px 4px 0px"></div><div style="display: flex; flex-direction: row; -webkit-box-sizing: border-box; min-width: fit-content; width: fit-content"></div><div style="display: flex; flex-direction: row; -webkit-box-sizing: border-box; min-width: fit-content; width: fit-content; align-items: flex-end"><div style="display: flex; min-width: fit-content; width: fit-content; height: 13px; min-height: 13px; margin: 0px 2px 0px 0px"><span style="display: block; background-image: url(//static.coupangcdn.com/image/cmg/common/rating-star/RDS.png); background-repeat: no-repeat; width: 60px; height: 12px; background-size: 60px 24px; background-position: 0 -12px"><em style="display: block; background-image: url(//static.coupangcdn.com/image/cmg/common/rating-star/RDS.png); background-repeat: no-repeat; width: 70%; height: 12px; background-size: 60px 24px; background-position: 0 0"></em></span></div><div style="-webkit-line-clamp: 1; overflow: hidden; display: -webkit-box!important; -webkit-box-orient: vertical; min-width: fit-content; width: fit-content"><span style="font-size: 12px; font-weight: normal; color: rgba(118, 134, 149, 1); word-break: break-all; vertical-align: middle">(3)</span></div></div></div><div style="display: flex; flex-direction: column; width: 1px; min-width: 1px; align-self: stretch; margin: 0px 0px 16px 0px; background-color: rgba(238, 238, 238, 1)"></div></div><div style="display: flex; flex-direction: row; -webkit-box-sizing: border-box; min-width: fit-content; width: fit-content"><div style="display: flex; flex-direction: column; width: 124px; min-width: 124px; margin: 0px 12px 16px 12px" class="cmg-dco-carousel-item cmg-dco-carousel-product hover-style-E view-logged" data-adsplatform="{&quot;viewImpression&quot;: &quot;https://mercury.coupang.com/e.gif?r=8ee7e450-990a-11f0-9a34-147eead823c9%7E2&amp;templateId=3880&quot;}"><div style="width: 124px; min-width: 124px; height: 124px;min-height: 124px; margin: 0px 0px 8px 0px; overflow: hidden"><img src="https://thumbnail3.coupangcdn.com/thumbnails/remote/292x292q65ex/image/1025_amir_coupang_oct_80k/f72f/5b4c16ca14b5ad33c77ebdd3123c2954ec19fdbdd6b5e75dbee71e33fb5e.jpg" style="vertical-align: top; height: 100%; object-fit: contain; border-radius: 0px 0px 0px 0px; " class="main-image"></div><div style="-webkit-line-clamp: 2; overflow: hidden; display: -webkit-box!important; -webkit-box-orient: vertical; width: 100%;; margin: 0px 0px 4px 0px"><span style="font-size: 14px; font-weight: normal; color: rgba(33, 43, 54, 1); word-break: break-all; vertical-align: middle" class="product-title">키움정, 240정, 1개</span></div><div style="display: flex; flex-direction: row; -webkit-box-sizing: border-box; min-width: fit-content; width: fit-content; margin: 0px 0px 4px 0px; align-items: center"><div style="-webkit-line-clamp: 1; overflow: hidden; display: -webkit-box!important; -webkit-box-orient: vertical; min-width: fit-content; width: fit-content; margin: 0px 4px 0px 0px"><span style="font-size: 14px; font-weight: bold; color: rgba(203, 20, 0, 1); word-break: break-all; vertical-align: middle">53,000원</span></div></div><div style="display: flex; flex-direction: column; min-width: fit-content; width: fit-content; margin: 0px 0px 4px 0px"></div><div style="display: flex; flex-direction: row; -webkit-box-sizing: border-box; min-width: fit-content; width: fit-content"></div><div style="min-width: fit-content; width: fit-content; height: 18px;min-height: 18px; padding: 0px 0px 2px 0px; margin: 0px 2px 0px 0px; overflow: hidden"><img src="http://image1.coupangcdn.com/image/coupang/rds/logo/xxxhdpi/logo_rocket_medium.png" style="vertical-align: top; height: 100%; object-fit: contain; border-radius: 0px 0px 0px 0px; "></div><div style="display: flex; flex-direction: row; -webkit-box-sizing: border-box; min-width: fit-content; width: fit-content; align-items: flex-end"><div style="display: flex; min-width: fit-content; width: fit-content; height: 13px; min-height: 13px; margin: 0px 2px 0px 0px"><span style="display: block; background-image: url(//static.coupangcdn.com/image/cmg/common/rating-star/RDS.png); background-repeat: no-repeat; width: 60px; height: 12px; background-size: 60px 24px; background-position: 0 -12px"><em style="display: block; background-image: url(//static.coupangcdn.com/image/cmg/common/rating-star/RDS.png); background-repeat: no-repeat; width: 90%; height: 12px; background-size: 60px 24px; background-position: 0 0"></em></span></div><div style="-webkit-line-clamp: 1; overflow: hidden; display: -webkit-box!important; -webkit-box-orient: vertical; min-width: fit-content; width: fit-content"><span style="font-size: 12px; font-weight: normal; color: rgba(118, 134, 149, 1); word-break: break-all; vertical-align: middle">(9,999+)</span></div></div></div><div style="display: flex; flex-direction: column; width: 1px; min-width: 1px; align-self: stretch; margin: 0px 0px 16px 0px; background-color: rgba(238, 238, 238, 1)"></div></div><div style="display: flex; flex-direction: row; -webkit-box-sizing: border-box; min-width: fit-content; width: fit-content"><div style="display: flex; flex-direction: column; width: 124px; min-width: 124px; margin: 0px 12px 16px 12px" class="cmg-dco-carousel-item cmg-dco-carousel-product hover-style-E view-logged" data-adsplatform="{&quot;viewImpression&quot;: &quot;https://mercury.coupang.com/e.gif?r=8ee7e450-990a-11f0-b0d9-9a2710a60e2e%7E2&amp;templateId=3880&quot;}"><div style="width: 124px; min-width: 124px; height: 124px;min-height: 124px; margin: 0px 0px 8px 0px; overflow: hidden"><img src="https://thumbnail11.coupangcdn.com/thumbnails/remote/292x292q65ex/image/retail/images/4186940227606377-6a163554-eced-4a37-a1df-7176c4344e04.png" style="vertical-align: top; height: 100%; object-fit: contain; border-radius: 0px 0px 0px 0px; " class="main-image"></div><div style="-webkit-line-clamp: 2; overflow: hidden; display: -webkit-box!important; -webkit-box-orient: vertical; width: 100%;; margin: 0px 0px 4px 0px"><span style="font-size: 14px; font-weight: normal; color: rgba(33, 43, 54, 1); word-break: break-all; vertical-align: middle" class="product-title">센트룸 멀티 구미 비타민, 80정, 2개</span></div><div style="display: flex; flex-direction: row; -webkit-box-sizing: border-box; min-width: fit-content; width: fit-content; margin: 0px 0px 4px 0px; align-items: center"><div style="-webkit-line-clamp: 1; overflow: hidden; display: -webkit-box!important; -webkit-box-orient: vertical; min-width: fit-content; width: fit-content; margin: 0px 4px 0px 0px"><span style="font-size: 14px; font-weight: bold; color: rgba(203, 20, 0, 1); word-break: break-all; vertical-align: middle">41,990원</span></div></div><div style="display: flex; flex-direction: column; min-width: fit-content; width: fit-content; margin: 0px 0px 4px 0px"></div><div style="display: flex; flex-direction: row; -webkit-box-sizing: border-box; min-width: fit-content; width: fit-content"><div style="display: flex; flex-direction: row; -webkit-box-sizing: border-box; min-width: fit-content; width: fit-content; height: 16px; min-height: 16px; padding: 0px 4px 1px 4px; margin: 0px 0px 6px 0px; background-color: rgba(225, 39, 5, 1); border-radius: 4px 4px 4px 4px; align-items: center"><div style="-webkit-line-clamp: 1; overflow: hidden; display: -webkit-box!important; -webkit-box-orient: vertical; min-width: fit-content; width: fit-content; margin: 0px 2px 0px 0px"><span style="font-size: 11px; font-weight: bold; color: rgba(255, 255, 255, 1); word-break: break-all; vertical-align: middle">4%</span></div><div style="-webkit-line-clamp: 1; overflow: hidden; display: -webkit-box!important; -webkit-box-orient: vertical; min-width: fit-content; width: fit-content"><span style="font-size: 11px; font-weight: bold; color: rgba(255, 255, 255, 1); word-break: break-all; vertical-align: middle">할인</span></div></div></div><div style="min-width: fit-content; width: fit-content; height: 18px;min-height: 18px; padding: 0px 0px 2px 0px; margin: 0px 2px 0px 0px; overflow: hidden"><img src="http://image7.coupangcdn.com/image/coupang/rds/logo/xxxhdpi/logo_rocket_medium.png" style="vertical-align: top; height: 100%; object-fit: contain; border-radius: 0px 0px 0px 0px; "></div><div style="display: flex; flex-direction: row; -webkit-box-sizing: border-box; min-width: fit-content; width: fit-content; align-items: flex-end"><div style="display: flex; min-width: fit-content; width: fit-content; height: 13px; min-height: 13px; margin: 0px 2px 0px 0px"><span style="display: block; background-image: url(//static.coupangcdn.com/image/cmg/common/rating-star/RDS.png); background-repeat: no-repeat; width: 60px; height: 12px; background-size: 60px 24px; background-position: 0 -12px"><em style="display: block; background-image: url(//static.coupangcdn.com/image/cmg/common/rating-star/RDS.png); background-repeat: no-repeat; width: 100%; height: 12px; background-size: 60px 24px; background-position: 0 0"></em></span></div><div style="-webkit-line-clamp: 1; overflow: hidden; display: -webkit-box!important; -webkit-box-orient: vertical; min-width: fit-content; width: fit-content"><span style="font-size: 12px; font-weight: normal; color: rgba(118, 134, 149, 1); word-break: break-all; vertical-align: middle">(9,999+)</span></div></div></div><div style="display: flex; flex-direction: column; width: 1px; min-width: 1px; align-self: stretch; margin: 0px 0px 16px 0px; background-color: rgba(238, 238, 238, 1)"></div></div><div style="display: flex; flex-direction: row; -webkit-box-sizing: border-box; min-width: fit-content; width: fit-content"><div style="display: flex; flex-direction: column; width: 124px; min-width: 124px; margin: 0px 12px 16px 12px" class="cmg-dco-carousel-item cmg-dco-carousel-product hover-style-E view-logged" data-adsplatform="{&quot;viewImpression&quot;: &quot;https://mercury.coupang.com/e.gif?r=8ee7e450-990a-11f0-8b86-5a5ab82837cc%7E2&amp;templateId=3880&quot;}"><div style="width: 124px; min-width: 124px; height: 124px;min-height: 124px; margin: 0px 0px 8px 0px; overflow: hidden"><img src="https://thumbnail8.coupangcdn.com/thumbnails/remote/292x292q65ex/image/1025_amir_coupang_oct_80k/f72f/5b4c16ca14b5ad33c77ebdd3123c2954ec19fdbdd6b5e75dbee71e33fb5e.jpg" style="vertical-align: top; height: 100%; object-fit: contain; border-radius: 0px 0px 0px 0px; " class="main-image"></div><div style="-webkit-line-clamp: 2; overflow: hidden; display: -webkit-box!important; -webkit-box-orient: vertical; width: 100%;; margin: 0px 0px 4px 0px"><span style="font-size: 14px; font-weight: normal; color: rgba(33, 43, 54, 1); word-break: break-all; vertical-align: middle" class="product-title">키움정, 240정, 1개</span></div><div style="display: flex; flex-direction: row; -webkit-box-sizing: border-box; min-width: fit-content; width: fit-content; margin: 0px 0px 4px 0px; align-items: center"><div style="-webkit-line-clamp: 1; overflow: hidden; display: -webkit-box!important; -webkit-box-orient: vertical; min-width: fit-content; width: fit-content; margin: 0px 4px 0px 0px"><span style="font-size: 14px; font-weight: bold; color: rgba(203, 20, 0, 1); word-break: break-all; vertical-align: middle">53,000원</span></div></div><div style="display: flex; flex-direction: column; min-width: fit-content; width: fit-content; margin: 0px 0px 4px 0px"></div><div style="display: flex; flex-direction: row; -webkit-box-sizing: border-box; min-width: fit-content; width: fit-content"></div><div style="min-width: fit-content; width: fit-content; height: 18px;min-height: 18px; padding: 0px 0px 2px 0px; margin: 0px 2px 0px 0px; overflow: hidden"><img src="http://image1.coupangcdn.com/image/coupang/rds/logo/xxxhdpi/logo_fresh_medium.png" style="vertical-align: top; height: 100%; object-fit: contain; border-radius: 0px 0px 0px 0px; "></div><div style="display: flex; flex-direction: row; -webkit-box-sizing: border-box; min-width: fit-content; width: fit-content; align-items: flex-end"><div style="display: flex; min-width: fit-content; width: fit-content; height: 13px; min-height: 13px; margin: 0px 2px 0px 0px"><span style="display: block; background-image: url(//static.coupangcdn.com/image/cmg/common/rating-star/RDS.png); background-repeat: no-repeat; width: 60px; height: 12px; background-size: 60px 24px; background-position: 0 -12px"><em style="display: block; background-image: url(//static.coupangcdn.com/image/cmg/common/rating-star/RDS.png); background-repeat: no-repeat; width: 90%; height: 12px; background-size: 60px 24px; background-position: 0 0"></em></span></div><div style="-webkit-line-clamp: 1; overflow: hidden; display: -webkit-box!important; -webkit-box-orient: vertical; min-width: fit-content; width: fit-content"><span style="font-size: 12px; font-weight: normal; color: rgba(118, 134, 149, 1); word-break: break-all; vertical-align: middle">(1,286)</span></div></div></div><div style="display: flex; flex-direction: column; width: 1px; min-width: 1px; align-self: stretch; margin: 0px 0px 16px 0px; background-color: rgba(238, 238, 238, 1)"></div></div><div style="display: flex; flex-direction: row; -webkit-box-sizing: border-box; min-width: fit-content; width: fit-content"><div style="display: flex; flex-direction: column; width: 124px; min-width: 124px; margin: 0px 12px 16px 12px" class="cmg-dco-carousel-item cmg-dco-carousel-product hover-style-E view-logged" data-adsplatform="{&quot;viewImpression&quot;: &quot;https://mercury.coupang.com/e.gif?r=8ee7e450-990a-11f0-bc28-255bdcc2f9e0%7E2&amp;templateId=3880&quot;}"><div style="width: 124px; min-width: 124px; height: 124px;min-height: 124px; margin: 0px 0px 8px 0px; overflow: hidden"><img src="https://thumbnail15.coupangcdn.com/thumbnails/remote/292x292q65ex/image/vendor_inventory/67f7/414f629069c2192e7c35ffcf4789a929c92a76d0cb1031a06393f41d9243.png" style="vertical-align: top; height: 100%; object-fit: contain; border-radius: 0px 0px 0px 0px; " class="main-image"></div><div style="-webkit-line-clamp: 100; overflow: hidden; display: -webkit-box!important; -webkit-box-orient: vertical; min-width: fit-content; width: fit-content; padding: 0px 0px 6px 0px"><span style="font-size: 12px; font-weight: bold; color: rgba(99, 115, 129, 1); word-break: break-all; vertical-align: middle">무료배송</span></div><div style="-webkit-line-clamp: 2; overflow: hidden; display: -webkit-box!important; -webkit-box-orient: vertical; width: 100%;; margin: 0px 0px 4px 0px"><span style="font-size: 14px; font-weight: normal; color: rgba(33, 43, 54, 1); word-break: break-all; vertical-align: middle" class="product-title">제일헬스사이언스 키가 쑥쑥 HT042 20g x 30포, 1개, 600g</span></div><div style="display: flex; flex-direction: row; -webkit-box-sizing: border-box; min-width: fit-content; width: fit-content; margin: 0px 0px 4px 0px; align-items: center"><div style="-webkit-line-clamp: 1; overflow: hidden; display: -webkit-box!important; -webkit-box-orient: vertical; min-width: fit-content; width: fit-content; margin: 0px 4px 0px 0px"><span style="font-size: 14px; font-weight: bold; color: rgba(203, 20, 0, 1); word-break: break-all; vertical-align: middle">46,000원</span></div></div><div style="display: flex; flex-direction: column; min-width: fit-content; width: fit-content; margin: 0px 0px 4px 0px"></div><div style="display: flex; flex-direction: row; -webkit-box-sizing: border-box; min-width: fit-content; width: fit-content"></div><div style="display: flex; flex-direction: row; -webkit-box-sizing: border-box; min-width: fit-content; width: fit-content; align-items: flex-end"><div style="display: flex; min-width: fit-content; width: fit-content; height: 13px; min-height: 13px; margin: 0px 2px 0px 0px"><span style="display: block; background-image: url(//static.coupangcdn.com/image/cmg/common/rating-star/RDS.png); background-repeat: no-repeat; width: 60px; height: 12px; background-size: 60px 24px; background-position: 0 -12px"><em style="display: block; background-image: url(//static.coupangcdn.com/image/cmg/common/rating-star/RDS.png); background-repeat: no-repeat; width: 90%; height: 12px; background-size: 60px 24px; background-position: 0 0"></em></span></div><div style="-webkit-line-clamp: 1; overflow: hidden; display: -webkit-box!important; -webkit-box-orient: vertical; min-width: fit-content; width: fit-content"><span style="font-size: 12px; font-weight: normal; color: rgba(118, 134, 149, 1); word-break: break-all; vertical-align: middle">(25)</span></div></div></div><div style="display: flex; flex-direction: column; width: 1px; min-width: 1px; align-self: stretch; margin: 0px 0px 16px 0px; background-color: rgba(238, 238, 238, 1)"></div></div><div style="display: flex; flex-direction: row; -webkit-box-sizing: border-box; min-width: fit-content; width: fit-content"><div style="display: flex; flex-direction: column; width: 124px; min-width: 124px; margin: 0px 12px 16px 12px" class="cmg-dco-carousel-item cmg-dco-carousel-product hover-style-E view-logged" data-adsplatform="{&quot;viewImpression&quot;: &quot;https://mercury.coupang.com/e.gif?r=8ee7e450-990a-11f0-99ac-ede20e93a0b1%7E2&amp;templateId=3880&quot;}"><div style="width: 124px; min-width: 124px; height: 124px;min-height: 124px; margin: 0px 0px 8px 0px; overflow: hidden"><img src="https://thumbnail11.coupangcdn.com/thumbnails/remote/292x292q65ex/image/vendor_inventory/68e7/9cb5ec98c8a72d2bd937bf940c5d4927619b1950a5293aba4714e62df81f.jpg" style="vertical-align: top; height: 100%; object-fit: contain; border-radius: 0px 0px 0px 0px; " class="main-image"></div><div style="-webkit-line-clamp: 100; overflow: hidden; display: -webkit-box!important; -webkit-box-orient: vertical; min-width: fit-content; width: fit-content; padding: 0px 0px 6px 0px"><span style="font-size: 12px; font-weight: bold; color: rgba(99, 115, 129, 1); word-break: break-all; vertical-align: middle">무료배송</span></div><div style="-webkit-line-clamp: 2; overflow: hidden; display: -webkit-box!important; -webkit-box-orient: vertical; width: 100%;; margin: 0px 0px 4px 0px"><span style="font-size: 14px; font-weight: normal; color: rgba(33, 43, 54, 1); word-break: break-all; vertical-align: middle" class="product-title">후르티디노 키즈비타씨 250정 복숭아맛 어린이 영양간식 멀티비타민 1+1, 1개, 275g</span></div><div style="display: flex; flex-direction: row; -webkit-box-sizing: border-box; min-width: fit-content; width: fit-content; margin: 0px 0px 4px 0px; align-items: center"><div style="-webkit-line-clamp: 1; overflow: hidden; display: -webkit-box!important; -webkit-box-orient: vertical; min-width: fit-content; width: fit-content; margin: 0px 4px 0px 0px"><span style="font-size: 14px; font-weight: bold; color: rgba(203, 20, 0, 1); word-break: break-all; vertical-align: middle">14,500원</span></div></div><div style="display: flex; flex-direction: column; min-width: fit-content; width: fit-content; margin: 0px 0px 4px 0px"></div><div style="display: flex; flex-direction: row; -webkit-box-sizing: border-box; min-width: fit-content; width: fit-content"></div><div style="display: flex; flex-direction: row; -webkit-box-sizing: border-box; min-width: fit-content; width: fit-content; align-items: flex-end"><div style="display: flex; min-width: fit-content; width: fit-content; height: 13px; min-height: 13px; margin: 0px 2px 0px 0px"><span style="display: block; background-image: url(//static.coupangcdn.com/image/cmg/common/rating-star/RDS.png); background-repeat: no-repeat; width: 60px; height: 12px; background-size: 60px 24px; background-position: 0 -12px"><em style="display: block; background-image: url(//static.coupangcdn.com/image/cmg/common/rating-star/RDS.png); background-repeat: no-repeat; width: 90%; height: 12px; background-size: 60px 24px; background-position: 0 0"></em></span></div><div style="-webkit-line-clamp: 1; overflow: hidden; display: -webkit-box!important; -webkit-box-orient: vertical; min-width: fit-content; width: fit-content"><span style="font-size: 12px; font-weight: normal; color: rgba(118, 134, 149, 1); word-break: break-all; vertical-align: middle">(10)</span></div></div></div><div style="display: flex; flex-direction: column; width: 1px; min-width: 1px; align-self: stretch; margin: 0px 0px 16px 0px; background-color: rgba(238, 238, 238, 1)"></div></div><div style="display: flex; flex-direction: row; -webkit-box-sizing: border-box; min-width: fit-content; width: fit-content"><div style="display: flex; flex-direction: column; width: 124px; min-width: 124px; margin: 0px 12px 16px 12px" class="cmg-dco-carousel-item cmg-dco-carousel-product hover-style-E view-logged" data-adsplatform="{&quot;viewImpression&quot;: &quot;https://mercury.coupang.com/e.gif?r=8ee7e450-990a-11f0-8ff9-79b881560fb4%7E2&amp;templateId=3880&quot;}"><div style="width: 124px; min-width: 124px; height: 124px;min-height: 124px; margin: 0px 0px 8px 0px; overflow: hidden"><img src="https://thumbnail12.coupangcdn.com/thumbnails/remote/292x292q65ex/image/retail/images/2025/02/07/16/8/f5f1f57a-ee2e-4219-b2c6-8cf1965ff89a.jpg" style="vertical-align: top; height: 100%; object-fit: contain; border-radius: 0px 0px 0px 0px; " class="main-image"></div><div style="-webkit-line-clamp: 2; overflow: hidden; display: -webkit-box!important; -webkit-box-orient: vertical; width: 100%;; margin: 0px 0px 4px 0px"><span style="font-size: 14px; font-weight: normal; color: rgba(33, 43, 54, 1); word-break: break-all; vertical-align: middle" class="product-title">JW중외제약 면역업 프리미엄 키즈 멀티비타민 앤 미네랄 90g, 1개, 90정</span></div><div style="display: flex; flex-direction: row; -webkit-box-sizing: border-box; min-width: fit-content; width: fit-content; margin: 0px 0px 4px 0px; align-items: center"><div style="-webkit-line-clamp: 1; overflow: hidden; display: -webkit-box!important; -webkit-box-orient: vertical; min-width: fit-content; width: fit-content; margin: 0px 4px 0px 0px"><span style="font-size: 14px; font-weight: bold; color: rgba(203, 20, 0, 1); word-break: break-all; vertical-align: middle">14,000원</span></div></div><div style="display: flex; flex-direction: column; min-width: fit-content; width: fit-content; margin: 0px 0px 4px 0px"></div><div style="display: flex; flex-direction: row; -webkit-box-sizing: border-box; min-width: fit-content; width: fit-content"></div><div style="min-width: fit-content; width: fit-content; height: 18px;min-height: 18px; padding: 0px 0px 2px 0px; margin: 0px 2px 0px 0px; overflow: hidden"><img src="http://image9.coupangcdn.com/image/coupang/rds/logo/xxxhdpi/logo_rocket_medium.png" style="vertical-align: top; height: 100%; object-fit: contain; border-radius: 0px 0px 0px 0px; "></div><div style="display: flex; flex-direction: row; -webkit-box-sizing: border-box; min-width: fit-content; width: fit-content; align-items: flex-end"><div style="display: flex; min-width: fit-content; width: fit-content; height: 13px; min-height: 13px; margin: 0px 2px 0px 0px"><span style="display: block; background-image: url(//static.coupangcdn.com/image/cmg/common/rating-star/RDS.png); background-repeat: no-repeat; width: 60px; height: 12px; background-size: 60px 24px; background-position: 0 -12px"><em style="display: block; background-image: url(//static.coupangcdn.com/image/cmg/common/rating-star/RDS.png); background-repeat: no-repeat; width: 100%; height: 12px; background-size: 60px 24px; background-position: 0 0"></em></span></div><div style="-webkit-line-clamp: 1; overflow: hidden; display: -webkit-box!important; -webkit-box-orient: vertical; min-width: fit-content; width: fit-content"><span style="font-size: 12px; font-weight: normal; color: rgba(118, 134, 149, 1); word-break: break-all; vertical-align: middle">(40)</span></div></div></div><div style="display: flex; flex-direction: column; width: 1px; min-width: 1px; align-self: stretch; margin: 0px 0px 16px 0px; background-color: rgba(238, 238, 238, 1)"></div></div><div style="display: flex; flex-direction: row; -webkit-box-sizing: border-box; min-width: fit-content; width: fit-content"><div style="display: flex; flex-direction: column; width: 124px; min-width: 124px; margin: 0px 12px 16px 12px" class="cmg-dco-carousel-item cmg-dco-carousel-product hover-style-E view-logged" data-adsplatform="{&quot;viewImpression&quot;: &quot;https://mercury.coupang.com/e.gif?r=8ee7e450-990a-11f0-9884-d35222770f57%7E2&amp;templateId=3880&quot;}"><div style="width: 124px; min-width: 124px; height: 124px;min-height: 124px; margin: 0px 0px 8px 0px; overflow: hidden"><img src="https://thumbnail2.coupangcdn.com/thumbnails/remote/292x292q65ex/image/retail/images/2024/09/25/17/7/e4291a10-36b4-4d2d-82f8-923a581f619a.jpg" style="vertical-align: top; height: 100%; object-fit: contain; border-radius: 0px 0px 0px 0px; " class="main-image"></div><div style="-webkit-line-clamp: 2; overflow: hidden; display: -webkit-box!important; -webkit-box-orient: vertical; width: 100%;; margin: 0px 0px 4px 0px"><span style="font-size: 14px; font-weight: normal; color: rgba(33, 43, 54, 1); word-break: break-all; vertical-align: middle" class="product-title">키움정 멀티 비타민 미네랄 구미젤리, 10정, 1개</span></div><div style="display: flex; flex-direction: row; -webkit-box-sizing: border-box; min-width: fit-content; width: fit-content; margin: 0px 0px 4px 0px; align-items: center"><div style="-webkit-line-clamp: 1; overflow: hidden; display: -webkit-box!important; -webkit-box-orient: vertical; min-width: fit-content; width: fit-content; margin: 0px 4px 0px 0px"><span style="font-size: 14px; font-weight: bold; color: rgba(203, 20, 0, 1); word-break: break-all; vertical-align: middle">5,870원</span></div></div><div style="display: flex; flex-direction: column; min-width: fit-content; width: fit-content; margin: 0px 0px 4px 0px"></div><div style="display: flex; flex-direction: row; -webkit-box-sizing: border-box; min-width: fit-content; width: fit-content"></div><div style="min-width: fit-content; width: fit-content; height: 18px;min-height: 18px; padding: 0px 0px 2px 0px; margin: 0px 2px 0px 0px; overflow: hidden"><img src="http://image13.coupangcdn.com/image/coupang/rds/logo/xxxhdpi/logo_rocket_medium.png" style="vertical-align: top; height: 100%; object-fit: contain; border-radius: 0px 0px 0px 0px; "></div><div style="display: flex; flex-direction: row; -webkit-box-sizing: border-box; min-width: fit-content; width: fit-content; align-items: flex-end"><div style="display: flex; min-width: fit-content; width: fit-content; height: 13px; min-height: 13px; margin: 0px 2px 0px 0px"><span style="display: block; background-image: url(//static.coupangcdn.com/image/cmg/common/rating-star/RDS.png); background-repeat: no-repeat; width: 60px; height: 12px; background-size: 60px 24px; background-position: 0 -12px"><em style="display: block; background-image: url(//static.coupangcdn.com/image/cmg/common/rating-star/RDS.png); background-repeat: no-repeat; width: 100%; height: 12px; background-size: 60px 24px; background-position: 0 0"></em></span></div><div style="-webkit-line-clamp: 1; overflow: hidden; display: -webkit-box!important; -webkit-box-orient: vertical; min-width: fit-content; width: fit-content"><span style="font-size: 12px; font-weight: normal; color: rgba(118, 134, 149, 1); word-break: break-all; vertical-align: middle">(682)</span></div></div></div><div style="display: flex; flex-direction: column; width: 1px; min-width: 1px; align-self: stretch; margin: 0px 0px 16px 0px; background-color: rgba(238, 238, 238, 1)"></div></div><div style="display: flex; flex-direction: row; -webkit-box-sizing: border-box; min-width: fit-content; width: fit-content"><div style="display: flex; flex-direction: column; width: 124px; min-width: 124px; margin: 0px 12px 16px 12px" class="cmg-dco-carousel-item cmg-dco-carousel-product hover-style-E view-logged" data-adsplatform="{&quot;viewImpression&quot;: &quot;https://mercury.coupang.com/e.gif?r=8ee80b60-990a-11f0-89c1-049cd5e01058%7E2&amp;templateId=3880&quot;}"><div style="width: 124px; min-width: 124px; height: 124px;min-height: 124px; margin: 0px 0px 8px 0px; overflow: hidden"><img src="https://thumbnail15.coupangcdn.com/thumbnails/remote/292x292q65ex/image/retail/images/20649271920498-b4fdec06-c42c-4e6e-a35f-e0eeeb71c96e.jpg" style="vertical-align: top; height: 100%; object-fit: contain; border-radius: 0px 0px 0px 0px; " class="main-image"></div><div style="-webkit-line-clamp: 2; overflow: hidden; display: -webkit-box!important; -webkit-box-orient: vertical; width: 100%;; margin: 0px 0px 4px 0px"><span style="font-size: 14px; font-weight: normal; color: rgba(33, 43, 54, 1); word-break: break-all; vertical-align: middle" class="product-title">뉴트리코어 멀티비타민 미네랄, 180정, 1개</span></div><div style="display: flex; flex-direction: row; -webkit-box-sizing: border-box; min-width: fit-content; width: fit-content; margin: 0px 0px 4px 0px; align-items: center"><div style="-webkit-line-clamp: 1; overflow: hidden; display: -webkit-box!important; -webkit-box-orient: vertical; min-width: fit-content; width: fit-content; margin: 0px 4px 0px 0px"><span style="font-size: 14px; font-weight: bold; color: rgba(203, 20, 0, 1); word-break: break-all; vertical-align: middle">68,400원</span></div></div><div style="display: flex; flex-direction: column; min-width: fit-content; width: fit-content; margin: 0px 0px 4px 0px"></div><div style="display: flex; flex-direction: row; -webkit-box-sizing: border-box; min-width: fit-content; width: fit-content"></div><div style="min-width: fit-content; width: fit-content; height: 18px;min-height: 18px; padding: 0px 0px 2px 0px; margin: 0px 2px 0px 0px; overflow: hidden"><img src="http://image5.coupangcdn.com/image/coupang/rds/logo/xxxhdpi/logo_rocket_medium.png" style="vertical-align: top; height: 100%; object-fit: contain; border-radius: 0px 0px 0px 0px; "></div><div style="display: flex; flex-direction: row; -webkit-box-sizing: border-box; min-width: fit-content; width: fit-content; align-items: flex-end"><div style="display: flex; min-width: fit-content; width: fit-content; height: 13px; min-height: 13px; margin: 0px 2px 0px 0px"><span style="display: block; background-image: url(//static.coupangcdn.com/image/cmg/common/rating-star/RDS.png); background-repeat: no-repeat; width: 60px; height: 12px; background-size: 60px 24px; background-position: 0 -12px"><em style="display: block; background-image: url(//static.coupangcdn.com/image/cmg/common/rating-star/RDS.png); background-repeat: no-repeat; width: 90%; height: 12px; background-size: 60px 24px; background-position: 0 0"></em></span></div><div style="-webkit-line-clamp: 1; overflow: hidden; display: -webkit-box!important; -webkit-box-orient: vertical; min-width: fit-content; width: fit-content"><span style="font-size: 12px; font-weight: normal; color: rgba(118, 134, 149, 1); word-break: break-all; vertical-align: middle">(965)</span></div></div></div><div style="display: flex; flex-direction: column; width: 1px; min-width: 1px; align-self: stretch; margin: 0px 0px 16px 0px; background-color: rgba(238, 238, 238, 1)"></div></div><div style="display: flex; flex-direction: row; -webkit-box-sizing: border-box; min-width: fit-content; width: fit-content"><div style="display: flex; flex-direction: column; width: 124px; min-width: 124px; margin: 0px 12px 16px 12px" class="cmg-dco-carousel-item cmg-dco-carousel-product hover-style-E view-logged" data-adsplatform="{&quot;viewImpression&quot;: &quot;https://mercury.coupang.com/e.gif?r=8ee80b60-990a-11f0-89b7-728313b74025%7E2&amp;templateId=3880&quot;}"><div style="width: 124px; min-width: 124px; height: 124px;min-height: 124px; margin: 0px 0px 8px 0px; overflow: hidden"><img src="https://thumbnail1.coupangcdn.com/thumbnails/remote/292x292q65ex/image/retail/images/2025/06/27/15/1/05348dab-297e-4db4-9f13-a8d1760eff7b.jpg" style="vertical-align: top; height: 100%; object-fit: contain; border-radius: 0px 0px 0px 0px; " class="main-image"></div><div style="-webkit-line-clamp: 2; overflow: hidden; display: -webkit-box!important; -webkit-box-orient: vertical; width: 100%;; margin: 0px 0px 4px 0px"><span style="font-size: 14px; font-weight: normal; color: rgba(33, 43, 54, 1); word-break: break-all; vertical-align: middle" class="product-title">센트룸 멀티비타민 키즈, 40정, 80g, 1개</span></div><div style="display: flex; flex-direction: row; -webkit-box-sizing: border-box; min-width: fit-content; width: fit-content; margin: 0px 0px 4px 0px; align-items: center"><div style="-webkit-line-clamp: 1; overflow: hidden; display: -webkit-box!important; -webkit-box-orient: vertical; min-width: fit-content; width: fit-content; margin: 0px 4px 0px 0px"><span style="font-size: 14px; font-weight: bold; color: rgba(203, 20, 0, 1); word-break: break-all; vertical-align: middle">13,800원</span></div></div><div style="display: flex; flex-direction: column; min-width: fit-content; width: fit-content; margin: 0px 0px 4px 0px"></div><div style="display: flex; flex-direction: row; -webkit-box-sizing: border-box; min-width: fit-content; width: fit-content"></div><div style="min-width: fit-content; width: fit-content; height: 18px;min-height: 18px; padding: 0px 0px 2px 0px; margin: 0px 2px 0px 0px; overflow: hidden"><img src="http://image9.coupangcdn.com/image/coupang/rds/logo/xxxhdpi/logo_rocket_medium.png" style="vertical-align: top; height: 100%; object-fit: contain; border-radius: 0px 0px 0px 0px; "></div><div style="display: flex; flex-direction: row; -webkit-box-sizing: border-box; min-width: fit-content; width: fit-content; align-items: flex-end"><div style="display: flex; min-width: fit-content; width: fit-content; height: 13px; min-height: 13px; margin: 0px 2px 0px 0px"><span style="display: block; background-image: url(//static.coupangcdn.com/image/cmg/common/rating-star/RDS.png); background-repeat: no-repeat; width: 60px; height: 12px; background-size: 60px 24px; background-position: 0 -12px"><em style="display: block; background-image: url(//static.coupangcdn.com/image/cmg/common/rating-star/RDS.png); background-repeat: no-repeat; width: 100%; height: 12px; background-size: 60px 24px; background-position: 0 0"></em></span></div><div style="-webkit-line-clamp: 1; overflow: hidden; display: -webkit-box!important; -webkit-box-orient: vertical; min-width: fit-content; width: fit-content"><span style="font-size: 12px; font-weight: normal; color: rgba(118, 134, 149, 1); word-break: break-all; vertical-align: middle">(307)</span></div></div></div><div style="display: flex; flex-direction: column; width: 1px; min-width: 1px; align-self: stretch; margin: 0px 0px 16px 0px; background-color: rgba(238, 238, 238, 1)"></div></div><div style="display: flex; flex-direction: row; -webkit-box-sizing: border-box; min-width: fit-content; width: fit-content"><div style="display: flex; flex-direction: column; width: 124px; min-width: 124px; margin: 0px 12px 16px 12px" class="cmg-dco-carousel-item cmg-dco-carousel-product hover-style-E view-logged" data-adsplatform="{&quot;viewImpression&quot;: &quot;https://mercury.coupang.com/e.gif?r=8ee80b60-990a-11f0-bf42-f8079f602a54%7E2&amp;templateId=3880&quot;}"><div style="width: 124px; min-width: 124px; height: 124px;min-height: 124px; margin: 0px 0px 8px 0px; overflow: hidden"><img src="https://thumbnail6.coupangcdn.com/thumbnails/remote/292x292q65ex/image/vendor_inventory/image_audit/prod/c4e1b707-7ec8-45cf-b6e7-fad26054cc58_fixing_v2.png" style="vertical-align: top; height: 100%; object-fit: contain; border-radius: 0px 0px 0px 0px; " class="main-image"></div><div style="-webkit-line-clamp: 2; overflow: hidden; display: -webkit-box!important; -webkit-box-orient: vertical; width: 100%;; margin: 0px 0px 4px 0px"><span style="font-size: 14px; font-weight: normal; color: rgba(33, 43, 54, 1); word-break: break-all; vertical-align: middle" class="product-title">키즈텐 어린이 철분제 5중기능성 플러스, 60g, 1개</span></div><div style="display: flex; flex-direction: row; -webkit-box-sizing: border-box; min-width: fit-content; width: fit-content; margin: 0px 0px 4px 0px; align-items: center"><div style="-webkit-line-clamp: 1; overflow: hidden; display: -webkit-box!important; -webkit-box-orient: vertical; min-width: fit-content; width: fit-content; margin: 0px 4px 0px 0px"><span style="font-size: 14px; font-weight: bold; color: rgba(203, 20, 0, 1); word-break: break-all; vertical-align: middle">20,500원</span></div></div><div style="display: flex; flex-direction: column; min-width: fit-content; width: fit-content; margin: 0px 0px 4px 0px"></div><div style="display: flex; flex-direction: row; -webkit-box-sizing: border-box; min-width: fit-content; width: fit-content"><div style="display: flex; flex-direction: row; -webkit-box-sizing: border-box; min-width: fit-content; width: fit-content; height: 16px; min-height: 16px; padding: 0px 4px 1px 4px; margin: 0px 0px 6px 0px; background-color: rgba(225, 39, 5, 1); border-radius: 4px 4px 4px 4px; align-items: center"><div style="-webkit-line-clamp: 1; overflow: hidden; display: -webkit-box!important; -webkit-box-orient: vertical; min-width: fit-content; width: fit-content; margin: 0px 2px 0px 0px"><span style="font-size: 11px; font-weight: bold; color: rgba(255, 255, 255, 1); word-break: break-all; vertical-align: middle">8%</span></div><div style="-webkit-line-clamp: 1; overflow: hidden; display: -webkit-box!important; -webkit-box-orient: vertical; min-width: fit-content; width: fit-content"><span style="font-size: 11px; font-weight: bold; color: rgba(255, 255, 255, 1); word-break: break-all; vertical-align: middle">할인</span></div></div></div><div style="min-width: fit-content; width: fit-content; height: 18px;min-height: 18px; padding: 0px 0px 2px 0px; margin: 0px 2px 0px 0px; overflow: hidden"><img src="http://image15.coupangcdn.com/image/coupang/rds/logo/xxxhdpi/logo_rocket_medium.png" style="vertical-align: top; height: 100%; object-fit: contain; border-radius: 0px 0px 0px 0px; "></div><div style="display: flex; flex-direction: row; -webkit-box-sizing: border-box; min-width: fit-content; width: fit-content; align-items: flex-end"><div style="display: flex; min-width: fit-content; width: fit-content; height: 13px; min-height: 13px; margin: 0px 2px 0px 0px"><span style="display: block; background-image: url(//static.coupangcdn.com/image/cmg/common/rating-star/RDS.png); background-repeat: no-repeat; width: 60px; height: 12px; background-size: 60px 24px; background-position: 0 -12px"><em style="display: block; background-image: url(//static.coupangcdn.com/image/cmg/common/rating-star/RDS.png); background-repeat: no-repeat; width: 100%; height: 12px; background-size: 60px 24px; background-position: 0 0"></em></span></div><div style="-webkit-line-clamp: 1; overflow: hidden; display: -webkit-box!important; -webkit-box-orient: vertical; min-width: fit-content; width: fit-content"><span style="font-size: 12px; font-weight: normal; color: rgba(118, 134, 149, 1); word-break: break-all; vertical-align: middle">(1,152)</span></div></div></div><div style="display: flex; flex-direction: column; width: 1px; min-width: 1px; align-self: stretch; margin: 0px 0px 16px 0px; background-color: rgba(238, 238, 238, 1)"></div></div><div style="display: flex; flex-direction: row; -webkit-box-sizing: border-box; min-width: fit-content; width: fit-content"><div style="display: flex; flex-direction: column; width: 124px; min-width: 124px; margin: 0px 12px 16px 12px" class="cmg-dco-carousel-item cmg-dco-carousel-product hover-style-E view-logged" data-adsplatform="{&quot;viewImpression&quot;: &quot;https://mercury.coupang.com/e.gif?r=8ee80b60-990a-11f0-bfa5-358f02ac1d34%7E2&amp;templateId=3880&quot;}"><div style="width: 124px; min-width: 124px; height: 124px;min-height: 124px; margin: 0px 0px 8px 0px; overflow: hidden"><img src="https://thumbnail1.coupangcdn.com/thumbnails/remote/292x292q65ex/image/vendor_inventory/image_audit/stage/manual/1766049037822370-3c808f49-b6cf-479e-96c7-b9a475190ff6_1751865537768.jpg" style="vertical-align: top; height: 100%; object-fit: contain; border-radius: 0px 0px 0px 0px; " class="main-image"></div><div style="-webkit-line-clamp: 2; overflow: hidden; display: -webkit-box!important; -webkit-box-orient: vertical; width: 100%;; margin: 0px 0px 4px 0px"><span style="font-size: 14px; font-weight: normal; color: rgba(33, 43, 54, 1); word-break: break-all; vertical-align: middle" class="product-title">키즈텐 연세 칼슘업 츄어블, 70정, 1개</span></div><div style="display: flex; flex-direction: row; -webkit-box-sizing: border-box; min-width: fit-content; width: fit-content; margin: 0px 0px 4px 0px; align-items: center"><div style="-webkit-line-clamp: 1; overflow: hidden; display: -webkit-box!important; -webkit-box-orient: vertical; min-width: fit-content; width: fit-content; margin: 0px 4px 0px 0px"><span style="font-size: 14px; font-weight: bold; color: rgba(203, 20, 0, 1); word-break: break-all; vertical-align: middle">40,500원</span></div></div><div style="display: flex; flex-direction: column; min-width: fit-content; width: fit-content; margin: 0px 0px 4px 0px"></div><div style="display: flex; flex-direction: row; -webkit-box-sizing: border-box; min-width: fit-content; width: fit-content"><div style="display: flex; flex-direction: row; -webkit-box-sizing: border-box; min-width: fit-content; width: fit-content; height: 16px; min-height: 16px; padding: 0px 4px 1px 4px; margin: 0px 0px 6px 0px; background-color: rgba(225, 39, 5, 1); border-radius: 4px 4px 4px 4px; align-items: center"><div style="-webkit-line-clamp: 1; overflow: hidden; display: -webkit-box!important; -webkit-box-orient: vertical; min-width: fit-content; width: fit-content; margin: 0px 2px 0px 0px"><span style="font-size: 11px; font-weight: bold; color: rgba(255, 255, 255, 1); word-break: break-all; vertical-align: middle">3%</span></div><div style="-webkit-line-clamp: 1; overflow: hidden; display: -webkit-box!important; -webkit-box-orient: vertical; min-width: fit-content; width: fit-content"><span style="font-size: 11px; font-weight: bold; color: rgba(255, 255, 255, 1); word-break: break-all; vertical-align: middle">할인</span></div></div></div><div style="min-width: fit-content; width: fit-content; height: 18px;min-height: 18px; padding: 0px 0px 2px 0px; margin: 0px 2px 0px 0px; overflow: hidden"><img src="http://image9.coupangcdn.com/image/coupang/rds/logo/xxxhdpi/logo_rocket_medium.png" style="vertical-align: top; height: 100%; object-fit: contain; border-radius: 0px 0px 0px 0px; "></div><div style="display: flex; flex-direction: row; -webkit-box-sizing: border-box; min-width: fit-content; width: fit-content; align-items: flex-end"><div style="display: flex; min-width: fit-content; width: fit-content; height: 13px; min-height: 13px; margin: 0px 2px 0px 0px"><span style="display: block; background-image: url(//static.coupangcdn.com/image/cmg/common/rating-star/RDS.png); background-repeat: no-repeat; width: 60px; height: 12px; background-size: 60px 24px; background-position: 0 -12px"><em style="display: block; background-image: url(//static.coupangcdn.com/image/cmg/common/rating-star/RDS.png); background-repeat: no-repeat; width: 100%; height: 12px; background-size: 60px 24px; background-position: 0 0"></em></span></div><div style="-webkit-line-clamp: 1; overflow: hidden; display: -webkit-box!important; -webkit-box-orient: vertical; min-width: fit-content; width: fit-content"><span style="font-size: 12px; font-weight: normal; color: rgba(118, 134, 149, 1); word-break: break-all; vertical-align: middle">(317)</span></div></div></div><div style="display: flex; flex-direction: column; width: 1px; min-width: 1px; align-self: stretch; margin: 0px 0px 16px 0px; background-color: rgba(238, 238, 238, 1)"></div></div><div style="display: flex; flex-direction: row; -webkit-box-sizing: border-box; min-width: fit-content; width: fit-content"><div style="display: flex; flex-direction: column; width: 124px; min-width: 124px; margin: 0px 12px 16px 12px" class="cmg-dco-carousel-item cmg-dco-carousel-product hover-style-E view-logged" data-adsplatform="{&quot;viewImpression&quot;: &quot;https://mercury.coupang.com/e.gif?r=8ee80b60-990a-11f0-a052-692f2300918d%7E2&amp;templateId=3880&quot;}"><div style="width: 124px; min-width: 124px; height: 124px;min-height: 124px; margin: 0px 0px 8px 0px; overflow: hidden"><img src="https://thumbnail7.coupangcdn.com/thumbnails/remote/292x292q65ex/image/retail/images/2025/03/31/15/9/fe5009d5-3fc0-4289-b395-cd2c6694533c.png" style="vertical-align: top; height: 100%; object-fit: contain; border-radius: 0px 0px 0px 0px; " class="main-image"></div><div style="-webkit-line-clamp: 2; overflow: hidden; display: -webkit-box!important; -webkit-box-orient: vertical; width: 100%;; margin: 0px 0px 4px 0px"><span style="font-size: 14px; font-weight: normal; color: rgba(33, 43, 54, 1); word-break: break-all; vertical-align: middle" class="product-title">김석진랩 키즈 멀티비타민 톡톡, 60회분, 120g, 1개</span></div><div style="display: flex; flex-direction: row; -webkit-box-sizing: border-box; min-width: fit-content; width: fit-content; margin: 0px 0px 4px 0px; align-items: center"><div style="-webkit-line-clamp: 1; overflow: hidden; display: -webkit-box!important; -webkit-box-orient: vertical; min-width: fit-content; width: fit-content; margin: 0px 4px 0px 0px"><span style="font-size: 14px; font-weight: bold; color: rgba(203, 20, 0, 1); word-break: break-all; vertical-align: middle">16,720원</span></div></div><div style="display: flex; flex-direction: column; min-width: fit-content; width: fit-content; margin: 0px 0px 4px 0px"></div><div style="display: flex; flex-direction: row; -webkit-box-sizing: border-box; min-width: fit-content; width: fit-content"></div><div style="min-width: fit-content; width: fit-content; height: 18px;min-height: 18px; padding: 0px 0px 2px 0px; margin: 0px 2px 0px 0px; overflow: hidden"><img src="http://image6.coupangcdn.com/image/coupang/rds/logo/xxxhdpi/logo_rocket_medium.png" style="vertical-align: top; height: 100%; object-fit: contain; border-radius: 0px 0px 0px 0px; "></div><div style="display: flex; flex-direction: row; -webkit-box-sizing: border-box; min-width: fit-content; width: fit-content; align-items: flex-end"><div style="display: flex; min-width: fit-content; width: fit-content; height: 13px; min-height: 13px; margin: 0px 2px 0px 0px"><span style="display: block; background-image: url(//static.coupangcdn.com/image/cmg/common/rating-star/RDS.png); background-repeat: no-repeat; width: 60px; height: 12px; background-size: 60px 24px; background-position: 0 -12px"><em style="display: block; background-image: url(//static.coupangcdn.com/image/cmg/common/rating-star/RDS.png); background-repeat: no-repeat; width: 100%; height: 12px; background-size: 60px 24px; background-position: 0 0"></em></span></div><div style="-webkit-line-clamp: 1; overflow: hidden; display: -webkit-box!important; -webkit-box-orient: vertical; min-width: fit-content; width: fit-content"><span style="font-size: 12px; font-weight: normal; color: rgba(118, 134, 149, 1); word-break: break-all; vertical-align: middle">(11)</span></div></div></div><div style="display: flex; flex-direction: column; width: 1px; min-width: 1px; align-self: stretch; margin: 0px 0px 16px 0px; background-color: rgba(238, 238, 238, 1)"></div></div><div style="display: flex; flex-direction: row; -webkit-box-sizing: border-box; min-width: fit-content; width: fit-content"><div style="display: flex; flex-direction: column; width: 124px; min-width: 124px; margin: 0px 12px 16px 12px" class="cmg-dco-carousel-item cmg-dco-carousel-product hover-style-E view-logged" data-adsplatform="{&quot;viewImpression&quot;: &quot;https://mercury.coupang.com/e.gif?r=8ee80b60-990a-11f0-9c62-b50502c9352c%7E2&amp;templateId=3880&quot;}"><div style="width: 124px; min-width: 124px; height: 124px;min-height: 124px; margin: 0px 0px 8px 0px; overflow: hidden"><img src="https://thumbnail2.coupangcdn.com/thumbnails/remote/292x292q65ex/image/vendor_inventory/image_audit/stage/manual/8edb4193-4b95-4e05-9d4a-4cb4cced4fd0_1749634342269.jpeg" style="vertical-align: top; height: 100%; object-fit: contain; border-radius: 0px 0px 0px 0px; " class="main-image"></div><div style="-webkit-line-clamp: 2; overflow: hidden; display: -webkit-box!important; -webkit-box-orient: vertical; width: 100%;; margin: 0px 0px 4px 0px"><span style="font-size: 14px; font-weight: normal; color: rgba(33, 43, 54, 1); word-break: break-all; vertical-align: middle" class="product-title">SKYLAB 멀티비타민 프리미엄 청소년 종합영양제 23가지 영양소 함유 포틴 수험생 피로회복 활력충전 식약처 인증 건강기능식품 선물추천, 90정, 1박스</span></div><div style="display: flex; flex-direction: row; -webkit-box-sizing: border-box; min-width: fit-content; width: fit-content; margin: 0px 0px 4px 0px; align-items: center"><div style="-webkit-line-clamp: 1; overflow: hidden; display: -webkit-box!important; -webkit-box-orient: vertical; min-width: fit-content; width: fit-content; margin: 0px 4px 0px 0px"><span style="font-size: 14px; font-weight: bold; color: rgba(203, 20, 0, 1); word-break: break-all; vertical-align: middle">25,790원</span></div></div><div style="display: flex; flex-direction: column; min-width: fit-content; width: fit-content; margin: 0px 0px 4px 0px"></div><div style="display: flex; flex-direction: row; -webkit-box-sizing: border-box; min-width: fit-content; width: fit-content"></div><div style="min-width: fit-content; width: fit-content; height: 18px;min-height: 18px; padding: 0px 0px 2px 0px; margin: 0px 2px 0px 0px; overflow: hidden"><img src="http://image10.coupangcdn.com/image/coupang/rds/logo/xxxhdpi/logo_rocket_merchant_medium_v3_r3.png" style="vertical-align: top; height: 100%; object-fit: contain; border-radius: 0px 0px 0px 0px; "></div><div style="display: flex; flex-direction: row; -webkit-box-sizing: border-box; min-width: fit-content; width: fit-content; align-items: flex-end"><div style="display: flex; min-width: fit-content; width: fit-content; height: 13px; min-height: 13px; margin: 0px 2px 0px 0px"><span style="display: block; background-image: url(//static.coupangcdn.com/image/cmg/common/rating-star/RDS.png); background-repeat: no-repeat; width: 60px; height: 12px; background-size: 60px 24px; background-position: 0 -12px"><em style="display: block; background-image: url(//static.coupangcdn.com/image/cmg/common/rating-star/RDS.png); background-repeat: no-repeat; width: 90%; height: 12px; background-size: 60px 24px; background-position: 0 0"></em></span></div><div style="-webkit-line-clamp: 1; overflow: hidden; display: -webkit-box!important; -webkit-box-orient: vertical; min-width: fit-content; width: fit-content"><span style="font-size: 12px; font-weight: normal; color: rgba(118, 134, 149, 1); word-break: break-all; vertical-align: middle">(392)</span></div></div></div><div style="display: flex; flex-direction: column; width: 1px; min-width: 1px; align-self: stretch; margin: 0px 0px 16px 0px; background-color: rgba(238, 238, 238, 1)"></div></div><div style="display: flex; flex-direction: row; -webkit-box-sizing: border-box; min-width: fit-content; width: fit-content"><div style="display: flex; flex-direction: column; width: 124px; min-width: 124px; margin: 0px 12px 16px 12px" class="cmg-dco-carousel-item cmg-dco-carousel-product hover-style-E view-logged" data-adsplatform="{&quot;viewImpression&quot;: &quot;https://mercury.coupang.com/e.gif?r=8ee80b60-990a-11f0-918b-cc49670c62d1%7E2&amp;templateId=3880&quot;}"><div style="width: 124px; min-width: 124px; height: 124px;min-height: 124px; margin: 0px 0px 8px 0px; overflow: hidden"><img src="https://thumbnail5.coupangcdn.com/thumbnails/remote/292x292q65ex/image/vendor_inventory/e723/4ad5ed6652719367c2b3ff7be33865cbc7711fe89a9050486f5d9d884ad3.jpg" style="vertical-align: top; height: 100%; object-fit: contain; border-radius: 0px 0px 0px 0px; " class="main-image"></div><div style="-webkit-line-clamp: 100; overflow: hidden; display: -webkit-box!important; -webkit-box-orient: vertical; min-width: fit-content; width: fit-content; padding: 0px 0px 6px 0px"><span style="font-size: 12px; font-weight: bold; color: rgba(99, 115, 129, 1); word-break: break-all; vertical-align: middle">무료배송</span></div><div style="-webkit-line-clamp: 2; overflow: hidden; display: -webkit-box!important; -webkit-box-orient: vertical; width: 100%;; margin: 0px 0px 4px 0px"><span style="font-size: 14px; font-weight: normal; color: rgba(33, 43, 54, 1); word-break: break-all; vertical-align: middle" class="product-title">L-아르기는 2 500mg 함유! 더팜 쑥쑥 아르기닌 말랑말랑 맛있는 청사과맛 스틱젤리 15포, 1개, 0.02mg</span></div><div style="display: flex; flex-direction: row; -webkit-box-sizing: border-box; min-width: fit-content; width: fit-content; margin: 0px 0px 4px 0px; align-items: center"><div style="-webkit-line-clamp: 1; overflow: hidden; display: -webkit-box!important; -webkit-box-orient: vertical; min-width: fit-content; width: fit-content; margin: 0px 4px 0px 0px"><span style="font-size: 14px; font-weight: bold; color: rgba(203, 20, 0, 1); word-break: break-all; vertical-align: middle">17,100원</span></div></div><div style="display: flex; flex-direction: column; min-width: fit-content; width: fit-content; margin: 0px 0px 4px 0px"></div><div style="display: flex; flex-direction: row; -webkit-box-sizing: border-box; min-width: fit-content; width: fit-content"></div><div style="display: flex; flex-direction: row; -webkit-box-sizing: border-box; min-width: fit-content; width: fit-content; align-items: flex-end"><div style="display: flex; min-width: fit-content; width: fit-content; height: 13px; min-height: 13px; margin: 0px 2px 0px 0px"><span style="display: block; background-image: url(//static.coupangcdn.com/image/cmg/common/rating-star/RDS.png); background-repeat: no-repeat; width: 60px; height: 12px; background-size: 60px 24px; background-position: 0 -12px"><em style="display: block; background-image: url(//static.coupangcdn.com/image/cmg/common/rating-star/RDS.png); background-repeat: no-repeat; width: 100%; height: 12px; background-size: 60px 24px; background-position: 0 0"></em></span></div><div style="-webkit-line-clamp: 1; overflow: hidden; display: -webkit-box!important; -webkit-box-orient: vertical; min-width: fit-content; width: fit-content"><span style="font-size: 12px; font-weight: normal; color: rgba(118, 134, 149, 1); word-break: break-all; vertical-align: middle">(128)</span></div></div></div><div style="display: flex; flex-direction: column; width: 1px; min-width: 1px; align-self: stretch; margin: 0px 0px 16px 0px; background-color: rgba(238, 238, 238, 1)"></div></div><div style="display: flex; flex-direction: row; -webkit-box-sizing: border-box; min-width: fit-content; width: fit-content"><div style="display: flex; flex-direction: column; width: 124px; min-width: 124px; margin: 0px 12px 16px 12px" class="cmg-dco-carousel-item cmg-dco-carousel-product hover-style-E view-logged" data-adsplatform="{&quot;viewImpression&quot;: &quot;https://mercury.coupang.com/e.gif?r=8ee80b60-990a-11f0-94ee-7f411ac011b9%7E2&amp;templateId=3880&quot;}"><div style="width: 124px; min-width: 124px; height: 124px;min-height: 124px; margin: 0px 0px 8px 0px; overflow: hidden"><img src="https://thumbnail1.coupangcdn.com/thumbnails/remote/292x292q65ex/image/vendor_inventory/5c6f/b4d47c062b580b03c73dbf5be29455784de176299a0e0c0a9bfae5f2636d.png" style="vertical-align: top; height: 100%; object-fit: contain; border-radius: 0px 0px 0px 0px; " class="main-image"></div><div style="-webkit-line-clamp: 100; overflow: hidden; display: -webkit-box!important; -webkit-box-orient: vertical; min-width: fit-content; width: fit-content; padding: 0px 0px 6px 0px"><span style="font-size: 12px; font-weight: bold; color: rgba(99, 115, 129, 1); word-break: break-all; vertical-align: middle">무료배송</span></div><div style="-webkit-line-clamp: 2; overflow: hidden; display: -webkit-box!important; -webkit-box-orient: vertical; width: 100%;; margin: 0px 0px 4px 0px"><span style="font-size: 14px; font-weight: normal; color: rgba(33, 43, 54, 1); word-break: break-all; vertical-align: middle" class="product-title">일양약품 하이키튼 CBP 키즈 어린이 초등 청소년 성장기 초유 단백질 우유 칼슘 츄어블, 3박스, 60정</span></div><div style="display: flex; flex-direction: row; -webkit-box-sizing: border-box; min-width: fit-content; width: fit-content; margin: 0px 0px 4px 0px; align-items: center"><div style="-webkit-line-clamp: 1; overflow: hidden; display: -webkit-box!important; -webkit-box-orient: vertical; min-width: fit-content; width: fit-content; margin: 0px 4px 0px 0px"><span style="font-size: 14px; font-weight: bold; color: rgba(203, 20, 0, 1); word-break: break-all; vertical-align: middle">88,500원</span></div></div><div style="display: flex; flex-direction: column; min-width: fit-content; width: fit-content; margin: 0px 0px 4px 0px"></div><div style="display: flex; flex-direction: row; -webkit-box-sizing: border-box; min-width: fit-content; width: fit-content"></div><div style="display: flex; flex-direction: row; -webkit-box-sizing: border-box; min-width: fit-content; width: fit-content; align-items: flex-end"><div style="display: flex; min-width: fit-content; width: fit-content; height: 13px; min-height: 13px; margin: 0px 2px 0px 0px"><span style="display: block; background-image: url(//static.coupangcdn.com/image/cmg/common/rating-star/RDS.png); background-repeat: no-repeat; width: 60px; height: 12px; background-size: 60px 24px; background-position: 0 -12px"><em style="display: block; background-image: url(//static.coupangcdn.com/image/cmg/common/rating-star/RDS.png); background-repeat: no-repeat; width: 100%; height: 12px; background-size: 60px 24px; background-position: 0 0"></em></span></div><div style="-webkit-line-clamp: 1; overflow: hidden; display: -webkit-box!important; -webkit-box-orient: vertical; min-width: fit-content; width: fit-content"><span style="font-size: 12px; font-weight: normal; color: rgba(118, 134, 149, 1); word-break: break-all; vertical-align: middle">(226)</span></div></div></div><div style="display: flex; flex-direction: column; width: 1px; min-width: 1px; align-self: stretch; margin: 0px 0px 16px 0px; background-color: rgba(238, 238, 238, 1)"></div></div><div style="display: flex; flex-direction: row; -webkit-box-sizing: border-box; min-width: fit-content; width: fit-content"><div style="display: flex; flex-direction: column; width: 124px; min-width: 124px; margin: 0px 12px 16px 12px" class="cmg-dco-carousel-item cmg-dco-carousel-product hover-style-E view-logged" data-adsplatform="{&quot;viewImpression&quot;: &quot;https://mercury.coupang.com/e.gif?r=8ee83270-990a-11f0-87e2-d3e94bddfc65%7E2&amp;templateId=3880&quot;}"><div style="width: 124px; min-width: 124px; height: 124px;min-height: 124px; margin: 0px 0px 8px 0px; overflow: hidden"><img src="https://thumbnail2.coupangcdn.com/thumbnails/remote/292x292q65ex/image/retail/images/2022/10/25/15/5/c50345ba-6c2c-4796-90ab-00740d3ba321.png" style="vertical-align: top; height: 100%; object-fit: contain; border-radius: 0px 0px 0px 0px; " class="main-image"></div><div style="-webkit-line-clamp: 2; overflow: hidden; display: -webkit-box!important; -webkit-box-orient: vertical; width: 100%;; margin: 0px 0px 4px 0px"><span style="font-size: 14px; font-weight: normal; color: rgba(33, 43, 54, 1); word-break: break-all; vertical-align: middle" class="product-title">듀포 포지타노 소다레몬캔디, 200g, 1개</span></div><div style="display: flex; flex-direction: row; -webkit-box-sizing: border-box; min-width: fit-content; width: fit-content; margin: 0px 0px 4px 0px; align-items: center"><div style="-webkit-line-clamp: 1; overflow: hidden; display: -webkit-box!important; -webkit-box-orient: vertical; min-width: fit-content; width: fit-content; margin: 0px 4px 0px 0px"><span style="font-size: 14px; font-weight: bold; color: rgba(203, 20, 0, 1); word-break: break-all; vertical-align: middle">7,900원</span></div></div><div style="display: flex; flex-direction: column; min-width: fit-content; width: fit-content; margin: 0px 0px 4px 0px"></div><div style="display: flex; flex-direction: row; -webkit-box-sizing: border-box; min-width: fit-content; width: fit-content"></div><div style="min-width: fit-content; width: fit-content; height: 18px;min-height: 18px; padding: 0px 0px 2px 0px; margin: 0px 2px 0px 0px; overflow: hidden"><img src="http://image5.coupangcdn.com/image/coupang/rds/logo/xxxhdpi/logo_rocket_medium.png" style="vertical-align: top; height: 100%; object-fit: contain; border-radius: 0px 0px 0px 0px; "></div><div style="display: flex; flex-direction: row; -webkit-box-sizing: border-box; min-width: fit-content; width: fit-content; align-items: flex-end"><div style="display: flex; min-width: fit-content; width: fit-content; height: 13px; min-height: 13px; margin: 0px 2px 0px 0px"><span style="display: block; background-image: url(//static.coupangcdn.com/image/cmg/common/rating-star/RDS.png); background-repeat: no-repeat; width: 60px; height: 12px; background-size: 60px 24px; background-position: 0 -12px"><em style="display: block; background-image: url(//static.coupangcdn.com/image/cmg/common/rating-star/RDS.png); background-repeat: no-repeat; width: 90%; height: 12px; background-size: 60px 24px; background-position: 0 0"></em></span></div><div style="-webkit-line-clamp: 1; overflow: hidden; display: -webkit-box!important; -webkit-box-orient: vertical; min-width: fit-content; width: fit-content"><span style="font-size: 12px; font-weight: normal; color: rgba(118, 134, 149, 1); word-break: break-all; vertical-align: middle">(3,326)</span></div></div></div><div style="display: flex; flex-direction: column; width: 1px; min-width: 1px; align-self: stretch; margin: 0px 0px 16px 0px; background-color: rgba(238, 238, 238, 1)"></div></div><div style="display: flex; flex-direction: row; -webkit-box-sizing: border-box; min-width: fit-content; width: fit-content"><div style="display: flex; flex-direction: column; width: 124px; min-width: 124px; margin: 0px 12px 16px 12px" class="cmg-dco-carousel-item cmg-dco-carousel-product hover-style-E view-logged" data-adsplatform="{&quot;viewImpression&quot;: &quot;https://mercury.coupang.com/e.gif?r=8ee83270-990a-11f0-ad61-40106af81a30%7E2&amp;templateId=3880&quot;}"><div style="width: 124px; min-width: 124px; height: 124px;min-height: 124px; margin: 0px 0px 8px 0px; overflow: hidden"><img src="https://thumbnail14.coupangcdn.com/thumbnails/remote/292x292q65ex/image/vendor_inventory/ac34/293056d2e250c56455a7ae7a2f676fcac5c2b1d62bf309bba6486b80e5ef.jpg" style="vertical-align: top; height: 100%; object-fit: contain; border-radius: 0px 0px 0px 0px; " class="main-image"></div><div style="-webkit-line-clamp: 100; overflow: hidden; display: -webkit-box!important; -webkit-box-orient: vertical; min-width: fit-content; width: fit-content; padding: 0px 0px 6px 0px"><span style="font-size: 12px; font-weight: bold; color: rgba(99, 115, 129, 1); word-break: break-all; vertical-align: middle">무료배송</span></div><div style="-webkit-line-clamp: 2; overflow: hidden; display: -webkit-box!important; -webkit-box-orient: vertical; width: 100%;; margin: 0px 0px 4px 0px"><span style="font-size: 14px; font-weight: normal; color: rgba(33, 43, 54, 1); word-break: break-all; vertical-align: middle" class="product-title">[여우별]소프트캔디 대용량 마이쮸 대용량 말랑카우 (핑크리치써니피치+캔털루프멜론애플망고+밀크+딸기우유), 1세트, 884g</span></div><div style="display: flex; flex-direction: row; -webkit-box-sizing: border-box; min-width: fit-content; width: fit-content; margin: 0px 0px 4px 0px; align-items: center"><div style="-webkit-line-clamp: 1; overflow: hidden; display: -webkit-box!important; -webkit-box-orient: vertical; min-width: fit-content; width: fit-content; margin: 0px 4px 0px 0px"><span style="font-size: 14px; font-weight: bold; color: rgba(203, 20, 0, 1); word-break: break-all; vertical-align: middle">23,740원</span></div></div><div style="display: flex; flex-direction: column; min-width: fit-content; width: fit-content; margin: 0px 0px 4px 0px"></div><div style="display: flex; flex-direction: row; -webkit-box-sizing: border-box; min-width: fit-content; width: fit-content"></div><div style="display: flex; flex-direction: row; -webkit-box-sizing: border-box; min-width: fit-content; width: fit-content; align-items: flex-end"></div></div><div style="display: flex; flex-direction: column; width: 1px; min-width: 1px; align-self: stretch; margin: 0px 0px 16px 0px; background-color: rgba(238, 238, 238, 1)"></div></div><div style="display: flex; flex-direction: row; -webkit-box-sizing: border-box; min-width: fit-content; width: fit-content"><div style="display: flex; flex-direction: column; width: 124px; min-width: 124px; margin: 0px 12px 16px 12px" class="cmg-dco-carousel-item cmg-dco-carousel-product hover-style-E view-logged" data-adsplatform="{&quot;viewImpression&quot;: &quot;https://mercury.coupang.com/e.gif?r=8ee83270-990a-11f0-aab0-b97147a9ec19%7E2&amp;templateId=3880&quot;}"><div style="width: 124px; min-width: 124px; height: 124px;min-height: 124px; margin: 0px 0px 8px 0px; overflow: hidden"><img src="https://thumbnail5.coupangcdn.com/thumbnails/remote/292x292q65ex/image/vendor_inventory/0772/490eb8f6dd416db83da1e3f0184b16b91adfa5d11487373994fce044e60b.jpg" style="vertical-align: top; height: 100%; object-fit: contain; border-radius: 0px 0px 0px 0px; " class="main-image"></div><div style="-webkit-line-clamp: 100; overflow: hidden; display: -webkit-box!important; -webkit-box-orient: vertical; min-width: fit-content; width: fit-content; padding: 0px 0px 6px 0px"><span style="font-size: 12px; font-weight: bold; color: rgba(99, 115, 129, 1); word-break: break-all; vertical-align: middle">무료배송</span></div><div style="-webkit-line-clamp: 2; overflow: hidden; display: -webkit-box!important; -webkit-box-orient: vertical; width: 100%;; margin: 0px 0px 4px 0px"><span style="font-size: 14px; font-weight: normal; color: rgba(33, 43, 54, 1); word-break: break-all; vertical-align: middle" class="product-title">우마이봉 콘스프맛15개 + 치즈맛15개 + 초코맛15개 + 멘타이맛15개 (총60개), 1개</span></div><div style="display: flex; flex-direction: row; -webkit-box-sizing: border-box; min-width: fit-content; width: fit-content; margin: 0px 0px 4px 0px; align-items: center"><div style="-webkit-line-clamp: 1; overflow: hidden; display: -webkit-box!important; -webkit-box-orient: vertical; min-width: fit-content; width: fit-content; margin: 0px 4px 0px 0px"><span style="font-size: 14px; font-weight: bold; color: rgba(203, 20, 0, 1); word-break: break-all; vertical-align: middle">27,900원</span></div></div><div style="display: flex; flex-direction: column; min-width: fit-content; width: fit-content; margin: 0px 0px 4px 0px"></div><div style="display: flex; flex-direction: row; -webkit-box-sizing: border-box; min-width: fit-content; width: fit-content"></div><div style="display: flex; flex-direction: row; -webkit-box-sizing: border-box; min-width: fit-content; width: fit-content; align-items: flex-end"><div style="display: flex; min-width: fit-content; width: fit-content; height: 13px; min-height: 13px; margin: 0px 2px 0px 0px"><span style="display: block; background-image: url(//static.coupangcdn.com/image/cmg/common/rating-star/RDS.png); background-repeat: no-repeat; width: 60px; height: 12px; background-size: 60px 24px; background-position: 0 -12px"><em style="display: block; background-image: url(//static.coupangcdn.com/image/cmg/common/rating-star/RDS.png); background-repeat: no-repeat; width: 100%; height: 12px; background-size: 60px 24px; background-position: 0 0"></em></span></div><div style="-webkit-line-clamp: 1; overflow: hidden; display: -webkit-box!important; -webkit-box-orient: vertical; min-width: fit-content; width: fit-content"><span style="font-size: 12px; font-weight: normal; color: rgba(118, 134, 149, 1); word-break: break-all; vertical-align: middle">(10)</span></div></div></div><div style="display: flex; flex-direction: column; width: 1px; min-width: 1px; align-self: stretch; margin: 0px 0px 16px 0px; background-color: rgba(238, 238, 238, 1)"></div></div><div style="display: flex; flex-direction: row; -webkit-box-sizing: border-box; min-width: fit-content; width: fit-content"><div style="display: flex; flex-direction: column; width: 124px; min-width: 124px; margin: 0px 12px 16px 12px" class="cmg-dco-carousel-item cmg-dco-carousel-product hover-style-E view-logged" data-adsplatform="{&quot;viewImpression&quot;: &quot;https://mercury.coupang.com/e.gif?r=8ee83270-990a-11f0-af1a-ffbd2149bc9d%7E2&amp;templateId=3880&quot;}"><div style="width: 124px; min-width: 124px; height: 124px;min-height: 124px; margin: 0px 0px 8px 0px; overflow: hidden"><img src="https://thumbnail1.coupangcdn.com/thumbnails/remote/292x292q65ex/image/retail/images/1c7bd287-02df-4e09-89f3-e4e8bb6b026f4084322408200935856.png" style="vertical-align: top; height: 100%; object-fit: contain; border-radius: 0px 0px 0px 0px; " class="main-image"></div><div style="-webkit-line-clamp: 2; overflow: hidden; display: -webkit-box!important; -webkit-box-orient: vertical; width: 100%;; margin: 0px 0px 4px 0px"><span style="font-size: 14px; font-weight: normal; color: rgba(33, 43, 54, 1); word-break: break-all; vertical-align: middle" class="product-title">서울우유 면역탄탄 칼슘 &amp; 아연 &amp; 비타민D 젤리스틱 14p, 2개, 280g</span></div><div style="display: flex; flex-direction: row; -webkit-box-sizing: border-box; min-width: fit-content; width: fit-content; margin: 0px 0px 4px 0px; align-items: center"><div style="-webkit-line-clamp: 1; overflow: hidden; display: -webkit-box!important; -webkit-box-orient: vertical; min-width: fit-content; width: fit-content; margin: 0px 4px 0px 0px"><span style="font-size: 14px; font-weight: bold; color: rgba(203, 20, 0, 1); word-break: break-all; vertical-align: middle">33,000원</span></div></div><div style="display: flex; flex-direction: column; min-width: fit-content; width: fit-content; margin: 0px 0px 4px 0px"></div><div style="display: flex; flex-direction: row; -webkit-box-sizing: border-box; min-width: fit-content; width: fit-content"></div><div style="min-width: fit-content; width: fit-content; height: 18px;min-height: 18px; padding: 0px 0px 2px 0px; margin: 0px 2px 0px 0px; overflow: hidden"><img src="http://image14.coupangcdn.com/image/coupang/rds/logo/xxxhdpi/logo_rocket_medium.png" style="vertical-align: top; height: 100%; object-fit: contain; border-radius: 0px 0px 0px 0px; "></div><div style="display: flex; flex-direction: row; -webkit-box-sizing: border-box; min-width: fit-content; width: fit-content; align-items: flex-end"><div style="display: flex; min-width: fit-content; width: fit-content; height: 13px; min-height: 13px; margin: 0px 2px 0px 0px"><span style="display: block; background-image: url(//static.coupangcdn.com/image/cmg/common/rating-star/RDS.png); background-repeat: no-repeat; width: 60px; height: 12px; background-size: 60px 24px; background-position: 0 -12px"><em style="display: block; background-image: url(//static.coupangcdn.com/image/cmg/common/rating-star/RDS.png); background-repeat: no-repeat; width: 100%; height: 12px; background-size: 60px 24px; background-position: 0 0"></em></span></div><div style="-webkit-line-clamp: 1; overflow: hidden; display: -webkit-box!important; -webkit-box-orient: vertical; min-width: fit-content; width: fit-content"><span style="font-size: 12px; font-weight: normal; color: rgba(118, 134, 149, 1); word-break: break-all; vertical-align: middle">(112)</span></div></div></div><div style="display: flex; flex-direction: column; width: 1px; min-width: 1px; align-self: stretch; margin: 0px 0px 16px 0px; background-color: rgba(238, 238, 238, 1)"></div></div><div style="display: flex; flex-direction: row; -webkit-box-sizing: border-box; min-width: fit-content; width: fit-content"><div style="display: flex; flex-direction: column; width: 124px; min-width: 124px; margin: 0px 12px 16px 12px" class="cmg-dco-carousel-item cmg-dco-carousel-product hover-style-E view-logged" data-adsplatform="{&quot;viewImpression&quot;: &quot;https://mercury.coupang.com/e.gif?r=8ee83270-990a-11f0-a067-841fc31ff4dc%7E2&amp;templateId=3880&quot;}"><div style="width: 124px; min-width: 124px; height: 124px;min-height: 124px; margin: 0px 0px 8px 0px; overflow: hidden"><img src="https://thumbnail15.coupangcdn.com/thumbnails/remote/292x292q65ex/image/vendor_inventory/53be/fa4e3efb2a310e1cb45c767e8b0d259435f424575d3614818634aa4e4f8a.jpg" style="vertical-align: top; height: 100%; object-fit: contain; border-radius: 0px 0px 0px 0px; " class="main-image"></div><div style="-webkit-line-clamp: 2; overflow: hidden; display: -webkit-box!important; -webkit-box-orient: vertical; width: 100%;; margin: 0px 0px 4px 0px"><span style="font-size: 14px; font-weight: normal; color: rgba(33, 43, 54, 1); word-break: break-all; vertical-align: middle" class="product-title">임팩트 민트 캔디 딸기 독일 무설탕 사탕, 3개, 14g</span></div><div style="display: flex; flex-direction: row; -webkit-box-sizing: border-box; min-width: fit-content; width: fit-content; margin: 0px 0px 4px 0px; align-items: center"><div style="-webkit-line-clamp: 1; overflow: hidden; display: -webkit-box!important; -webkit-box-orient: vertical; min-width: fit-content; width: fit-content; margin: 0px 4px 0px 0px"><span style="font-size: 14px; font-weight: bold; color: rgba(203, 20, 0, 1); word-break: break-all; vertical-align: middle">12,900원</span></div></div><div style="display: flex; flex-direction: column; min-width: fit-content; width: fit-content; margin: 0px 0px 4px 0px"></div><div style="display: flex; flex-direction: row; -webkit-box-sizing: border-box; min-width: fit-content; width: fit-content"></div><div style="min-width: fit-content; width: fit-content; height: 18px;min-height: 18px; padding: 0px 0px 2px 0px; margin: 0px 2px 0px 0px; overflow: hidden"><img src="http://image6.coupangcdn.com/image/coupang/rds/logo/xxxhdpi/logo_rocket_merchant_medium_v3_r3.png" style="vertical-align: top; height: 100%; object-fit: contain; border-radius: 0px 0px 0px 0px; "></div><div style="display: flex; flex-direction: row; -webkit-box-sizing: border-box; min-width: fit-content; width: fit-content; align-items: flex-end"><div style="display: flex; min-width: fit-content; width: fit-content; height: 13px; min-height: 13px; margin: 0px 2px 0px 0px"><span style="display: block; background-image: url(//static.coupangcdn.com/image/cmg/common/rating-star/RDS.png); background-repeat: no-repeat; width: 60px; height: 12px; background-size: 60px 24px; background-position: 0 -12px"><em style="display: block; background-image: url(//static.coupangcdn.com/image/cmg/common/rating-star/RDS.png); background-repeat: no-repeat; width: 90%; height: 12px; background-size: 60px 24px; background-position: 0 0"></em></span></div><div style="-webkit-line-clamp: 1; overflow: hidden; display: -webkit-box!important; -webkit-box-orient: vertical; min-width: fit-content; width: fit-content"><span style="font-size: 12px; font-weight: normal; color: rgba(118, 134, 149, 1); word-break: break-all; vertical-align: middle">(112)</span></div></div></div><div style="display: flex; flex-direction: column; width: 1px; min-width: 1px; align-self: stretch; margin: 0px 0px 16px 0px; background-color: rgba(238, 238, 238, 1)"></div></div><div style="display: flex; flex-direction: row; -webkit-box-sizing: border-box; min-width: fit-content; width: fit-content"><div style="display: flex; flex-direction: column; width: 124px; min-width: 124px; margin: 0px 12px 16px 12px" class="cmg-dco-carousel-item cmg-dco-carousel-product hover-style-E view-logged" data-adsplatform="{&quot;viewImpression&quot;: &quot;https://mercury.coupang.com/e.gif?r=8ee83270-990a-11f0-9a82-d3ba4cb94c0b%7E2&amp;templateId=3880&quot;}"><div style="width: 124px; min-width: 124px; height: 124px;min-height: 124px; margin: 0px 0px 8px 0px; overflow: hidden"><img src="https://thumbnail2.coupangcdn.com/thumbnails/remote/292x292q65ex/image/vendor_inventory/8431/57d749f131aa6b3ca3a78d283c7ef20534093ffd33fca9cbffbc39c403c5.jpg" style="vertical-align: top; height: 100%; object-fit: contain; border-radius: 0px 0px 0px 0px; " class="main-image"></div><div style="-webkit-line-clamp: 100; overflow: hidden; display: -webkit-box!important; -webkit-box-orient: vertical; min-width: fit-content; width: fit-content; padding: 0px 0px 6px 0px"><span style="font-size: 12px; font-weight: bold; color: rgba(99, 115, 129, 1); word-break: break-all; vertical-align: middle">무료배송</span></div><div style="-webkit-line-clamp: 2; overflow: hidden; display: -webkit-box!important; -webkit-box-orient: vertical; width: 100%;; margin: 0px 0px 4px 0px"><span style="font-size: 14px; font-weight: normal; color: rgba(33, 43, 54, 1); word-break: break-all; vertical-align: middle" class="product-title">쫀박스 국내산 목포쫀드기 16개입 원조 밥통 쫀드기 당일생산, 500g, 1박스, 쌀쫀드기</span></div><div style="display: flex; flex-direction: row; -webkit-box-sizing: border-box; min-width: fit-content; width: fit-content; margin: 0px 0px 4px 0px; align-items: center"><div style="-webkit-line-clamp: 1; overflow: hidden; display: -webkit-box!important; -webkit-box-orient: vertical; min-width: fit-content; width: fit-content; margin: 0px 4px 0px 0px"><span style="font-size: 14px; font-weight: bold; color: rgba(203, 20, 0, 1); word-break: break-all; vertical-align: middle">12,990원</span></div></div><div style="display: flex; flex-direction: column; min-width: fit-content; width: fit-content; margin: 0px 0px 4px 0px"></div><div style="display: flex; flex-direction: row; -webkit-box-sizing: border-box; min-width: fit-content; width: fit-content"></div><div style="display: flex; flex-direction: row; -webkit-box-sizing: border-box; min-width: fit-content; width: fit-content; align-items: flex-end"><div style="display: flex; min-width: fit-content; width: fit-content; height: 13px; min-height: 13px; margin: 0px 2px 0px 0px"><span style="display: block; background-image: url(//static.coupangcdn.com/image/cmg/common/rating-star/RDS.png); background-repeat: no-repeat; width: 60px; height: 12px; background-size: 60px 24px; background-position: 0 -12px"><em style="display: block; background-image: url(//static.coupangcdn.com/image/cmg/common/rating-star/RDS.png); background-repeat: no-repeat; width: 90%; height: 12px; background-size: 60px 24px; background-position: 0 0"></em></span></div><div style="-webkit-line-clamp: 1; overflow: hidden; display: -webkit-box!important; -webkit-box-orient: vertical; min-width: fit-content; width: fit-content"><span style="font-size: 12px; font-weight: normal; color: rgba(118, 134, 149, 1); word-break: break-all; vertical-align: middle">(131)</span></div></div></div><div style="display: flex; flex-direction: column; width: 1px; min-width: 1px; align-self: stretch; margin: 0px 0px 16px 0px; background-color: rgba(238, 238, 238, 1)"></div></div><div style="display: flex; flex-direction: row; -webkit-box-sizing: border-box; min-width: fit-content; width: fit-content"><div style="display: flex; flex-direction: column; width: 124px; min-width: 124px; margin: 0px 12px 16px 12px" class="cmg-dco-carousel-item cmg-dco-carousel-product hover-style-E view-logged" data-adsplatform="{&quot;viewImpression&quot;: &quot;https://mercury.coupang.com/e.gif?r=8ee83270-990a-11f0-a793-0ac7930b042f%7E2&amp;templateId=3880&quot;}"><div style="width: 124px; min-width: 124px; height: 124px;min-height: 124px; margin: 0px 0px 8px 0px; overflow: hidden"><img src="https://thumbnail1.coupangcdn.com/thumbnails/remote/292x292q65ex/image/vendor_inventory/1536/b456f66ad7b0fcdacee67a884aa80a0aeb97777ebe6d4287003647552c49.jpg" style="vertical-align: top; height: 100%; object-fit: contain; border-radius: 0px 0px 0px 0px; " class="main-image"></div><div style="-webkit-line-clamp: 2; overflow: hidden; display: -webkit-box!important; -webkit-box-orient: vertical; width: 100%;; margin: 0px 0px 4px 0px"><span style="font-size: 14px; font-weight: normal; color: rgba(33, 43, 54, 1); word-break: break-all; vertical-align: middle" class="product-title">임팩트민트 피치 캔디, 6개, 14g</span></div><div style="display: flex; flex-direction: row; -webkit-box-sizing: border-box; min-width: fit-content; width: fit-content; margin: 0px 0px 4px 0px; align-items: center"><div style="-webkit-line-clamp: 1; overflow: hidden; display: -webkit-box!important; -webkit-box-orient: vertical; min-width: fit-content; width: fit-content; margin: 0px 4px 0px 0px"><span style="font-size: 14px; font-weight: bold; color: rgba(203, 20, 0, 1); word-break: break-all; vertical-align: middle">21,180원</span></div></div><div style="display: flex; flex-direction: column; min-width: fit-content; width: fit-content; margin: 0px 0px 4px 0px"></div><div style="display: flex; flex-direction: row; -webkit-box-sizing: border-box; min-width: fit-content; width: fit-content"><div style="display: flex; flex-direction: row; -webkit-box-sizing: border-box; min-width: fit-content; width: fit-content; height: 16px; min-height: 16px; padding: 0px 4px 1px 4px; margin: 0px 0px 6px 0px; background-color: rgba(225, 39, 5, 1); border-radius: 4px 4px 4px 4px; align-items: center"><div style="-webkit-line-clamp: 1; overflow: hidden; display: -webkit-box!important; -webkit-box-orient: vertical; min-width: fit-content; width: fit-content; margin: 0px 2px 0px 0px"><span style="font-size: 11px; font-weight: bold; color: rgba(255, 255, 255, 1); word-break: break-all; vertical-align: middle">33%</span></div><div style="-webkit-line-clamp: 1; overflow: hidden; display: -webkit-box!important; -webkit-box-orient: vertical; min-width: fit-content; width: fit-content"><span style="font-size: 11px; font-weight: bold; color: rgba(255, 255, 255, 1); word-break: break-all; vertical-align: middle">할인</span></div></div></div><div style="min-width: fit-content; width: fit-content; height: 18px;min-height: 18px; padding: 0px 0px 2px 0px; margin: 0px 2px 0px 0px; overflow: hidden"><img src="http://image15.coupangcdn.com/image/coupang/rds/logo/xxxhdpi/logo_rocket_merchant_medium_v3_r3.png" style="vertical-align: top; height: 100%; object-fit: contain; border-radius: 0px 0px 0px 0px; "></div><div style="display: flex; flex-direction: row; -webkit-box-sizing: border-box; min-width: fit-content; width: fit-content; align-items: flex-end"><div style="display: flex; min-width: fit-content; width: fit-content; height: 13px; min-height: 13px; margin: 0px 2px 0px 0px"><span style="display: block; background-image: url(//static.coupangcdn.com/image/cmg/common/rating-star/RDS.png); background-repeat: no-repeat; width: 60px; height: 12px; background-size: 60px 24px; background-position: 0 -12px"><em style="display: block; background-image: url(//static.coupangcdn.com/image/cmg/common/rating-star/RDS.png); background-repeat: no-repeat; width: 100%; height: 12px; background-size: 60px 24px; background-position: 0 0"></em></span></div><div style="-webkit-line-clamp: 1; overflow: hidden; display: -webkit-box!important; -webkit-box-orient: vertical; min-width: fit-content; width: fit-content"><span style="font-size: 12px; font-weight: normal; color: rgba(118, 134, 149, 1); word-break: break-all; vertical-align: middle">(337)</span></div></div></div><div style="display: flex; flex-direction: column; width: 1px; min-width: 1px; align-self: stretch; margin: 0px 0px 16px 0px; background-color: rgba(238, 238, 238, 1)"></div></div><div style="display: flex; flex-direction: row; -webkit-box-sizing: border-box; min-width: fit-content; width: fit-content"><div style="display: flex; flex-direction: column; width: 124px; min-width: 124px; margin: 0px 12px 16px 12px" class="cmg-dco-carousel-item cmg-dco-carousel-product hover-style-E view-logged" data-adsplatform="{&quot;viewImpression&quot;: &quot;https://mercury.coupang.com/e.gif?r=8ee83270-990a-11f0-87ab-953a14c4e121%7E2&amp;templateId=3880&quot;}"><div style="width: 124px; min-width: 124px; height: 124px;min-height: 124px; margin: 0px 0px 8px 0px; overflow: hidden"><img src="https://thumbnail13.coupangcdn.com/thumbnails/remote/292x292q65ex/image/vendor_inventory/3ae0/b180e5dd37880fb0fe463009ba0ce5252b58686785f717161a6ad9f1a7b3.jpg" style="vertical-align: top; height: 100%; object-fit: contain; border-radius: 0px 0px 0px 0px; " class="main-image"></div><div style="-webkit-line-clamp: 2; overflow: hidden; display: -webkit-box!important; -webkit-box-orient: vertical; width: 100%;; margin: 0px 0px 4px 0px"><span style="font-size: 14px; font-weight: normal; color: rgba(33, 43, 54, 1); word-break: break-all; vertical-align: middle" class="product-title">이른숲속 오쮸 츄어블 어린이 비타민 츄어블 영양제, 60정, 1개</span></div><div style="display: flex; flex-direction: row; -webkit-box-sizing: border-box; min-width: fit-content; width: fit-content; margin: 0px 0px 4px 0px; align-items: center"><div style="-webkit-line-clamp: 1; overflow: hidden; display: -webkit-box!important; -webkit-box-orient: vertical; min-width: fit-content; width: fit-content; margin: 0px 4px 0px 0px"><span style="font-size: 14px; font-weight: bold; color: rgba(203, 20, 0, 1); word-break: break-all; vertical-align: middle">26,520원</span></div></div><div style="display: flex; flex-direction: column; min-width: fit-content; width: fit-content; margin: 0px 0px 4px 0px"></div><div style="display: flex; flex-direction: row; -webkit-box-sizing: border-box; min-width: fit-content; width: fit-content"></div><div style="min-width: fit-content; width: fit-content; height: 18px;min-height: 18px; padding: 0px 0px 2px 0px; margin: 0px 2px 0px 0px; overflow: hidden"><img src="http://image7.coupangcdn.com/image/coupang/rds/logo/xxxhdpi/logo_rocket_merchant_medium_v3_r3.png" style="vertical-align: top; height: 100%; object-fit: contain; border-radius: 0px 0px 0px 0px; "></div><div style="display: flex; flex-direction: row; -webkit-box-sizing: border-box; min-width: fit-content; width: fit-content; align-items: flex-end"><div style="display: flex; min-width: fit-content; width: fit-content; height: 13px; min-height: 13px; margin: 0px 2px 0px 0px"><span style="display: block; background-image: url(//static.coupangcdn.com/image/cmg/common/rating-star/RDS.png); background-repeat: no-repeat; width: 60px; height: 12px; background-size: 60px 24px; background-position: 0 -12px"><em style="display: block; background-image: url(//static.coupangcdn.com/image/cmg/common/rating-star/RDS.png); background-repeat: no-repeat; width: 100%; height: 12px; background-size: 60px 24px; background-position: 0 0"></em></span></div><div style="-webkit-line-clamp: 1; overflow: hidden; display: -webkit-box!important; -webkit-box-orient: vertical; min-width: fit-content; width: fit-content"><span style="font-size: 12px; font-weight: normal; color: rgba(118, 134, 149, 1); word-break: break-all; vertical-align: middle">(285)</span></div></div></div><div style="display: flex; flex-direction: column; width: 1px; min-width: 1px; align-self: stretch; margin: 0px 0px 16px 0px; background-color: rgba(238, 238, 238, 1)"></div></div><div style="display: flex; flex-direction: row; -webkit-box-sizing: border-box; min-width: fit-content; width: fit-content"><div style="display: flex; flex-direction: column; width: 124px; min-width: 124px; margin: 0px 12px 16px 12px" class="cmg-dco-carousel-item cmg-dco-carousel-product hover-style-E view-logged" data-adsplatform="{&quot;viewImpression&quot;: &quot;https://mercury.coupang.com/e.gif?r=8ee85980-990a-11f0-bbf9-ddbd90247895%7E2&amp;templateId=3880&quot;}"><div style="width: 124px; min-width: 124px; height: 124px;min-height: 124px; margin: 0px 0px 8px 0px; overflow: hidden"><img src="https://thumbnail2.coupangcdn.com/thumbnails/remote/292x292q65ex/image/vendor_inventory/d4a2/5714a5da04582ae195bfc0cdc2859d757a2bbc053dcc96af3621a80269fa.jpg" style="vertical-align: top; height: 100%; object-fit: contain; border-radius: 0px 0px 0px 0px; " class="main-image"></div><div style="-webkit-line-clamp: 100; overflow: hidden; display: -webkit-box!important; -webkit-box-orient: vertical; min-width: fit-content; width: fit-content; padding: 0px 0px 6px 0px"><span style="font-size: 12px; font-weight: bold; color: rgba(99, 115, 129, 1); word-break: break-all; vertical-align: middle">무료배송</span></div><div style="-webkit-line-clamp: 2; overflow: hidden; display: -webkit-box!important; -webkit-box-orient: vertical; width: 100%;; margin: 0px 0px 4px 0px"><span style="font-size: 14px; font-weight: normal; color: rgba(33, 43, 54, 1); word-break: break-all; vertical-align: middle" class="product-title">카페프룻 원조 수제 달고나, 1개, 1kg</span></div><div style="display: flex; flex-direction: row; -webkit-box-sizing: border-box; min-width: fit-content; width: fit-content; margin: 0px 0px 4px 0px; align-items: center"><div style="-webkit-line-clamp: 1; overflow: hidden; display: -webkit-box!important; -webkit-box-orient: vertical; min-width: fit-content; width: fit-content; margin: 0px 4px 0px 0px"><span style="font-size: 14px; font-weight: bold; color: rgba(203, 20, 0, 1); word-break: break-all; vertical-align: middle">13,800원</span></div></div><div style="display: flex; flex-direction: column; min-width: fit-content; width: fit-content; margin: 0px 0px 4px 0px"></div><div style="display: flex; flex-direction: row; -webkit-box-sizing: border-box; min-width: fit-content; width: fit-content"></div><div style="display: flex; flex-direction: row; -webkit-box-sizing: border-box; min-width: fit-content; width: fit-content; align-items: flex-end"><div style="display: flex; min-width: fit-content; width: fit-content; height: 13px; min-height: 13px; margin: 0px 2px 0px 0px"><span style="display: block; background-image: url(//static.coupangcdn.com/image/cmg/common/rating-star/RDS.png); background-repeat: no-repeat; width: 60px; height: 12px; background-size: 60px 24px; background-position: 0 -12px"><em style="display: block; background-image: url(//static.coupangcdn.com/image/cmg/common/rating-star/RDS.png); background-repeat: no-repeat; width: 100%; height: 12px; background-size: 60px 24px; background-position: 0 0"></em></span></div><div style="-webkit-line-clamp: 1; overflow: hidden; display: -webkit-box!important; -webkit-box-orient: vertical; min-width: fit-content; width: fit-content"><span style="font-size: 12px; font-weight: normal; color: rgba(118, 134, 149, 1); word-break: break-all; vertical-align: middle">(132)</span></div></div></div><div style="display: flex; flex-direction: column; width: 1px; min-width: 1px; align-self: stretch; margin: 0px 0px 16px 0px; background-color: rgba(238, 238, 238, 1)"></div></div></div></div></div></div></div><div data-value="review" class="twc-scroll-mt-[49px]"><div class="product-review twc-scroll-mt-[49px] product-review-shrink-letters" id="sdpReview"><div class="sdp-review twc-pb-[35px]"><div class="review-header"><h4><span>상품평</span><div class="twc-flex twc-items-center twc-gap-[14px]"><button>상품평 운영원칙</button></div></h4><div class="review-guide">동일한 상품에 대해 작성된 상품평으로, 판매자는 다를 수 있습니다.</div></div><div class="review-average-container"><div class="review-average-header"><div class="twc-flex twc-items-center twc-relative twc-flex-wrap"><span class="review-rating-outer" style="display: inline-block; height: 44px; width: 220px; background-size: 44px;"><span class="review-rating-inner" style="width: 100%; height: 44px; background-size: 44px;"></span></span><div class="review-average-header-total-count twc-mr-[10px]">4,582</div><button class="review-average-header-review-info-btn twc-text-[#346aff] twc-text-left twc-w-[80px]">자세히보기 &gt;</button></div></div></div><div class="review-summary-gallery-container"><ul class="review-summary-gallery-list"><li class="attachement-list-item"><img class="review-gallery-attachment-img" alt="갤러리 이미지" title="갤러리 상세 보기" loading="lazy" src="https://thumbnail10.coupangcdn.com/thumbnails/local/320/image2/PRODUCTREVIEW/202307/24/6433408089756362675/193528e9-c532-43d4-a3f3-22e8b5edde35.jpeg"></li><li class="attachement-list-item"><img class="review-gallery-attachment-img" alt="갤러리 이미지" title="갤러리 상세 보기" loading="lazy" src="https://thumbnail7.coupangcdn.com/thumbnails/local/320/image2/PRODUCTREVIEW/202307/24/6433408089756362675/50583e45-deb1-4277-92c5-1a1a4f0fb71b.jpeg"></li><li class="attachement-list-item"><img class="review-gallery-attachment-img" alt="갤러리 이미지" title="갤러리 상세 보기" loading="lazy" src="https://thumbnail6.coupangcdn.com/thumbnails/local/320/image2/PRODUCTREVIEW/202307/24/6433408089756362675/6c184f7e-45aa-4ebb-951e-5a15ffbd49da.jpeg"></li><li class="attachement-list-item"><img class="review-gallery-attachment-img" alt="갤러리 이미지" title="갤러리 상세 보기" loading="lazy" src="https://thumbnail8.coupangcdn.com/thumbnails/local/320/image2/PRODUCTREVIEW/202307/24/6433408089756362675/4de42159-1038-4599-8ef2-c35f141ad3c2.jpeg"></li><li class="attachement-list-item"><img class="review-gallery-attachment-img" alt="갤러리 이미지" title="갤러리 상세 보기" loading="lazy" src="https://thumbnail9.coupangcdn.com/thumbnails/local/320/image2/PRODUCTREVIEW/202307/24/6433408089756362675/f086e353-89d0-40ad-bbda-674a94dcd6fc.jpeg"></li><li class="attachement-list-item"><img class="review-gallery-attachment-img" alt="갤러리 이미지" title="갤러리 상세 보기" loading="lazy" src="https://thumbnail10.coupangcdn.com/thumbnails/local/320/image2/PRODUCTREVIEW/202307/24/6433408089756362675/939d1ee9-01a7-4b73-b6d0-4e6e2eb7285b.jpeg"></li><li class="attachement-list-item"><img class="review-gallery-attachment-img" alt="갤러리 이미지" title="갤러리 상세 보기" loading="lazy" src="https://thumbnail8.coupangcdn.com/thumbnails/local/320/image2/PRODUCTREVIEW/202307/24/6433408089756362675/b28a8198-8369-432a-9998-ebebbc12e21c.jpeg"></li><li class="attachement-list-item"><img class="review-gallery-attachment-img" alt="갤러리 이미지" title="갤러리 상세 보기" loading="lazy" src="https://thumbnail8.coupangcdn.com/thumbnails/local/320/image2/PRODUCTREVIEW/202307/24/6433408089756362675/9602ae75-9535-40f7-a4e3-d84cbf9d58d4.jpeg"></li><li class="attachement-list-item"><img class="review-gallery-attachment-img" alt="갤러리 이미지" title="갤러리 상세 보기" loading="lazy" src="https://thumbnail9.coupangcdn.com/thumbnails/local/320/image2/PRODUCTREVIEW/202307/24/6433408089756362675/d66b6c1c-5b49-4c90-b9b5-38b02413f312.jpeg"></li><li class="attachement-list-item"><img class="review-gallery-attachment-img" alt="갤러리 이미지" title="갤러리 상세 보기" loading="lazy" src="https://thumbnail8.coupangcdn.com/thumbnails/local/320/image2/PRODUCTREVIEW/202307/24/6433408089756362675/b6f28171-37a0-40fd-bca5-7a88e9a71d95.jpeg"></li><li class="attachement-list-item"><img class="review-gallery-attachment-img" alt="갤러리 이미지" title="갤러리 상세 보기" loading="lazy" src="https://thumbnail9.coupangcdn.com/thumbnails/local/320/image2/PRODUCTREVIEW/202411/19/7853269778681733284/33db8c63-ee20-4694-a505-dcdead82363e.jpg"></li><li class="attachement-list-item"><img class="review-gallery-attachment-img" alt="갤러리 이미지" title="갤러리 상세 보기" loading="lazy" src="https://thumbnail8.coupangcdn.com/thumbnails/local/320/image2/PRODUCTREVIEW/202411/19/7853269778681733284/0b434c6a-f2be-4494-af73-6085b113f574.jpg"></li><li class="attachement-list-item"><img class="review-gallery-attachment-img" alt="갤러리 이미지" title="갤러리 상세 보기" loading="lazy" src="https://thumbnail9.coupangcdn.com/thumbnails/local/320/image2/PRODUCTREVIEW/202411/19/7853269778681733284/55165b34-2b1a-4f43-8224-0dae3d85ba92.jpg"></li><li class="attachement-list-item"><img class="review-gallery-attachment-img" alt="갤러리 이미지" title="갤러리 상세 보기" loading="lazy" src="https://thumbnail10.coupangcdn.com/thumbnails/local/320/image2/PRODUCTREVIEW/202411/19/7853269778681733284/057b4bb4-05d5-499b-81b7-ba31802d8141.jpg"></li><li class="attachement-list-item"><img class="review-gallery-attachment-img" alt="갤러리 이미지" title="갤러리 상세 보기" loading="lazy" src="https://thumbnail10.coupangcdn.com/thumbnails/local/320/image2/PRODUCTREVIEW/202411/19/7853269778681733284/e47f8b36-a3d8-4b6a-a968-a861f3b129d3.jpg"></li><li class="attachement-list-item"><img class="review-gallery-attachment-img" alt="갤러리 이미지" title="갤러리 상세 보기" loading="lazy" src="https://thumbnail8.coupangcdn.com/thumbnails/local/320/image2/PRODUCTREVIEW/202411/19/7853269778681733284/6d9ea098-b604-4472-aab8-3edd2e8a8456.jpg"></li><li class="attachement-list-item"><img class="review-gallery-attachment-img" alt="갤러리 이미지" title="갤러리 상세 보기" loading="lazy" src="https://thumbnail8.coupangcdn.com/thumbnails/local/320/image2/PRODUCTREVIEW/202411/19/7853269778681733284/24b8b1c7-04fd-4621-8cc6-d958a0816dcf.jpg"></li><li class="attachement-list-item"><img class="review-gallery-attachment-img" alt="갤러리 이미지" title="갤러리 상세 보기" loading="lazy" src="https://thumbnail6.coupangcdn.com/thumbnails/local/320/image2/PRODUCTREVIEW/202411/19/7853269778681733284/23f9f027-41e0-4147-9d60-5b0319226f69.jpg"></li><li class="attachement-list-item"><img class="review-gallery-attachment-img" alt="갤러리 이미지" title="갤러리 상세 보기" loading="lazy" src="https://thumbnail9.coupangcdn.com/thumbnails/local/320/image2/PRODUCTREVIEW/202411/19/7853269778681733284/3cf3a3e7-cc24-48c6-a55d-b18eb190c689.jpg"></li><li class="attachement-list-item"><img class="review-gallery-attachment-img" alt="갤러리 이미지" title="갤러리 상세 보기" loading="lazy" src="https://thumbnail8.coupangcdn.com/thumbnails/local/320/image2/PRODUCTREVIEW/202411/19/7853269778681733284/cf87d87c-8b84-4a99-a00c-8f84b10664a5.jpg"></li><li class="review-summary-gallery-seemore"><em>822</em><div>더보기 &gt;</div></li></ul></div><ul class="review-summary-survey-container"><li class="review-summary-survey-section"><h4>맛 만족도</h4><ol class="review-summary-survey-answers"><li><div class="review-summary-survey-answer-title" title="맛있어요">맛있어요</div><div class="review-summary-survey-answer-barchart"><div class="sdp-review__average__summary__section__list__item__graph__bar--green" style="width: 76%;"></div></div><div class="review-summary-survey-answer-percentage">76%</div></li><li><div class="review-summary-survey-answer-title" title="보통이예요">보통이예요</div><div class="review-summary-survey-answer-barchart"><div class="sdp-review__average__summary__section__list__item__graph__bar--green" style="width: 21%;"></div></div><div class="review-summary-survey-answer-percentage">21%</div></li><li><div class="review-summary-survey-answer-title" title="생각보다 별로예요">생각보다 별로예요</div><div class="review-summary-survey-answer-barchart"><div class="sdp-review__average__summary__section__list__item__graph__bar--green" style="width: 3%;"></div></div><div class="review-summary-survey-answer-percentage">3%</div></li></ol></li></ul><div class="review-article-container"><div class="review-reorder-search-container"><div class="review-order-container"><button class="review-order-active-btn">베스트순</button><div class="">|</div><button class="">최신순</button></div><div class="review-search-container"><input placeholder="상품평을 검색해보세요." maxlength="30" type="text" value=""><button><svg xmlns="http://www.w3.org/2000/svg" width="16" height="16" viewBox="0 0 16 16"><path fill="#346aff" d="M2.627 2.35C5.037.088 8.826.133 11.18 2.488c2.241 2.241 2.39 5.783.446 8.197l3.512 3.511c.26.26.26.683 0 .943-.24.24-.618.259-.88.056l-.063-.056-3.512-3.512c-2.414 1.944-5.955 1.795-8.196-.446-2.4-2.4-2.4-6.293 0-8.693zm7.638 1.052c-1.895-1.895-4.968-1.895-6.863 0-1.895 1.895-1.895 4.968 0 6.863 1.895 1.895 4.968 1.895 6.863 0l-.045.04.04-.045.045-.036c1.855-1.898 1.842-4.94-.04-6.822z"></path></svg></button></div><div class="review-star-search-container"><div class="review-star-search-current-selection twc-flex twc-items-center twc-w-full twc-h-full"><div class="review-star-search-item"><div class="review-star-search-item-desc" style="width: 25px;">모든 별점 보기</div><div class="review-star-search-item-counts twc-flex-1">4,582</div></div><span class="css-triangle css-triangle-down" style="border-color: rgb(52, 106, 255) transparent transparent; border-width: 5px; width: 0px; height: 0px;"></span></div><ul class="review-star-search-selector" style="display: none;"><li><div class="review-star-search-item"><div class="review-star-search-item-desc" style="width: 25px;">모든 별점 보기</div><div class="review-star-search-item-counts twc-flex-1">4,582</div></div></li><li><div class="review-star-search-item"><div class="review-star-search-item-desc" style="width: 25px;">최고</div><div class="review-star-search-item-rating"><span class="review-rating-outer" style="display: inline-block; height: 15px; width: 75px; background-size: 15px;"><span class="review-rating-inner" style="width: 100%; height: 15px; background-size: 15px;"></span></span></div><div class="review-star-search-item-counts">3,930</div></div></li><li><div class="review-star-search-item"><div class="review-star-search-item-desc" style="width: 25px;">좋음</div><div class="review-star-search-item-rating"><span class="review-rating-outer" style="display: inline-block; height: 15px; width: 75px; background-size: 15px;"><span class="review-rating-inner" style="width: 80%; height: 15px; background-size: 15px;"></span></span></div><div class="review-star-search-item-counts">419</div></div></li><li><div class="review-star-search-item"><div class="review-star-search-item-desc" style="width: 25px;">보통</div><div class="review-star-search-item-rating"><span class="review-rating-outer" style="display: inline-block; height: 15px; width: 75px; background-size: 15px;"><span class="review-rating-inner" style="width: 60%; height: 15px; background-size: 15px;"></span></span></div><div class="review-star-search-item-counts">145</div></div></li><li><div class="review-star-search-item"><div class="review-star-search-item-desc" style="width: 25px;">별로</div><div class="review-star-search-item-rating"><span class="review-rating-outer" style="display: inline-block; height: 15px; width: 75px; background-size: 15px;"><span class="review-rating-inner" style="width: 40%; height: 15px; background-size: 15px;"></span></span></div><div class="review-star-search-item-counts">48</div></div></li><li><div class="review-star-search-item"><div class="review-star-search-item-desc" style="width: 25px;">나쁨</div><div class="review-star-search-item-rating"><span class="review-rating-outer" style="display: inline-block; height: 15px; width: 75px; background-size: 15px;"><span class="review-rating-inner" style="width: 20%; height: 15px; background-size: 15px;"></span></span></div><div class="review-star-search-item-counts">40</div></div></li></ul></div></div><div class="js_reviewArticleListContainer"><article class="sdp-review__article__list js_reviewArticleReviewList"><div class="sdp-review__article__list__info"><div class="sdp-review__article__list__info__profile"><img class="js_reviewArticleCrop js_reviewUserProfileImage" alt="" data-member-id="3162382" loading="lazy" src="//img1a.coupangcdn.com/image/productreview/web/pdp/profile/img-profile-empty.png"></div><div class="sdp-review__article__list__info__user"><span class="sdp-review__article__list__info__user__name js_reviewUserProfileImage" data-member-id="3162382">옥양&nbsp;</span></div><div class="sdp-review__article__list__info__product-info"><div class="sdp-review__article__list__info__product-info__star-gray"><div class="sdp-review__article__list__info__product-info__star-orange twc-w-full" data-rating="5"></div></div><div class="sdp-review__article__list__info__product-info__reg-date">2025.09.03</div></div><div class="sdp-review__article__list__info__product-info__seller_name">판매자: 조은메디팜</div><div class="sdp-review__article__list__info__product-info__name">한미 추억의 텐텐 4봉지 (총 40정), 40g, 4개</div></div><div class="sdp-review__article__list__attachment js_reviewArticleListGalleryContainer"><div class="sdp-review__article__list__attachment__list"><img class="sdp-review__article__list__attachment__img js_reviewArticleListImage js_reviewArticleCrop" data-has-caption="false" data-caption="" alt="" data-video-size="0" data-thumbnail-path="https://thumbnail9.coupangcdn.com/thumbnails/local/320/image2/PRODUCTREVIEW/202509/3/7553121773006846035/8389ded1-c9f8-4f4c-8595-5369795a24d8.jpg" data-origin-path="https://thumbnail9.coupangcdn.com/thumbnails/local/q-1/image2/PRODUCTREVIEW/202509/3/7553121773006846035/8389ded1-c9f8-4f4c-8595-5369795a24d8.jpg" data-num="0" loading="lazy" src="https://thumbnail9.coupangcdn.com/thumbnails/local/320/image2/PRODUCTREVIEW/202509/3/7553121773006846035/8389ded1-c9f8-4f4c-8595-5369795a24d8.jpg"></div><div class="sdp-review__article__list__attachment__list"><img class="sdp-review__article__list__attachment__img js_reviewArticleListImage js_reviewArticleCrop" data-has-caption="false" data-caption="" alt="" data-video-size="0" data-thumbnail-path="https://thumbnail9.coupangcdn.com/thumbnails/local/320/image2/PRODUCTREVIEW/202509/3/7553121773006846035/2b500c1a-b0c4-4037-8f4b-a3b881538ef3.jpg" data-origin-path="https://thumbnail9.coupangcdn.com/thumbnails/local/q-1/image2/PRODUCTREVIEW/202509/3/7553121773006846035/2b500c1a-b0c4-4037-8f4b-a3b881538ef3.jpg" data-num="1" loading="lazy" src="https://thumbnail9.coupangcdn.com/thumbnails/local/320/image2/PRODUCTREVIEW/202509/3/7553121773006846035/2b500c1a-b0c4-4037-8f4b-a3b881538ef3.jpg"></div><div class="sdp-review__article__list__attachment__list"><img class="sdp-review__article__list__attachment__img js_reviewArticleListImage js_reviewArticleCrop" data-has-caption="false" data-caption="" alt="" data-video-size="0" data-thumbnail-path="https://thumbnail9.coupangcdn.com/thumbnails/local/320/image2/PRODUCTREVIEW/202509/3/7553121773006846035/9c91c912-6a8b-451a-93de-c243ce4a4b0b.jpg" data-origin-path="https://thumbnail9.coupangcdn.com/thumbnails/local/q-1/image2/PRODUCTREVIEW/202509/3/7553121773006846035/9c91c912-6a8b-451a-93de-c243ce4a4b0b.jpg" data-num="2" loading="lazy" src="https://thumbnail9.coupangcdn.com/thumbnails/local/320/image2/PRODUCTREVIEW/202509/3/7553121773006846035/9c91c912-6a8b-451a-93de-c243ce4a4b0b.jpg"></div><div class="sdp-review__article__list__attachment__list"><img class="sdp-review__article__list__attachment__img js_reviewArticleListImage js_reviewArticleCrop" data-has-caption="false" data-caption="" alt="" data-video-size="0" data-thumbnail-path="https://thumbnail7.coupangcdn.com/thumbnails/local/320/image2/PRODUCTREVIEW/202509/3/7553121773006846035/53427561-72c2-4cf0-974c-4ed4a195e792.jpg" data-origin-path="https://thumbnail7.coupangcdn.com/thumbnails/local/q-1/image2/PRODUCTREVIEW/202509/3/7553121773006846035/53427561-72c2-4cf0-974c-4ed4a195e792.jpg" data-num="3" loading="lazy" src="https://thumbnail7.coupangcdn.com/thumbnails/local/320/image2/PRODUCTREVIEW/202509/3/7553121773006846035/53427561-72c2-4cf0-974c-4ed4a195e792.jpg"></div></div><div class="sdp-review__article__list__headline">오랜 기간 사랑받은 영양제 텐텐</div><div class="sdp-review__article__list__review js_reviewArticleContentContainer"><div class="sdp-review__article__list__review__content js_reviewArticleContent"><span class="twc-bg-white" translate="no">초등학교 남아를 키우고 있는 워킹맘입니다. <br>아이를 키우면서 일을 하다보니 아이가 갑자기 아프거나 할 경우 정말 난감한 상황들이 발생되게 되는데, 아프지 않고 건강하게 크게 하기 위해 어떤 영양제를 먹이는게 좋을지 매번 고민을 하던 중 하시는 약사분께 물어보니 뭐니뭐니해도 오래도록 사랑 받는 텐텐을 먹여보라고 추천 받아서 다시 한번 구매해서 먹여 보았습니다. <br><br>사실 어릴때 먹였을때는 그렇게 좋아하지 않았는데, 막상 약국에 가면 마이X 처럼 생긴 걸로 항상 사달라고 해서 이번에는 너무 많지도 너무 적지도 않은 용량의 패키지로 한번 더 먹여 보자 이렇게 생각하고 구매해서 먹여 보았습니다. <br><br>[제품 리뷰]<br>-. 텐텐 제품의 역사 : 1994년 미니 텐텐으로 처음 출시된 이후 2006년에는 현재의 형태로 개편되었으며, 어린이 성장과 건강에 도움을 주는 다양한 비타민과 미네랄을 함유하고 있는 제품입니다. <br><br>-. 텐텐 제품 특징<br>1) 성상 : 다홍색의 딸기향을 가진 사각 또는 타원형의 씹어먹는 정<br><br>2) 텐텐 효과 및 효능 : 비타민 A, B1, B2, B6, C, D, E 의 보급 <br><br>이 약에 함유된 비타민 등의 효능·효과는 다음과 같다 <br>- 눈의 건조함의 완화 ·야맹증 ·뼈, 이의 발육불량 ·구루병의 예방<br>- 발육기 영양 공급<br>- 병중, 병후 체력 저하 육체 피로 회복<br><br>3) 용법/용량 : 만 8세 이상 : 1일 2회, 1회 2정 만 36개월 이상 ~ 만 8세 미만 : 1일 2회, 1회 1정 입안에서 녹이거나 씹어서 복용한다.<br><br>4) 저장방법 : 기밀용기, 실온 보관 (1~30도)<br><br>-. 텐텐 제품 부작용<br>1) 비타민 A (레티놀) 과다 섭취 : 비타민 A(레티놀)은 지용성 비타민으로 과량 섭취시 몸에 쌓여 부작용이 발생될 수 있음. <br>2) 유당 함유 : 텐텐 영양제는 유당을 함유하고 있어 갈락토오스 불내성, 유당 분해 효소 결핍증, 포도당 갈락토오스 흡수 장애 등 유전적인 장애가 있는 환자는 복용을 피해야 함. <br>3) 고칼슘 혈증 주의 : 혈액 중 칼슘이 과잉으로 존재하거나 신장 질환 환자의 경우 복용 하지 않는 것이 좋음. <br>4) 골다공증 위험 : 장기간 고용량 섭취시 폐경기 여성의 골다공증 위험이 증가 가능함. <br><br>오랜 기간 사랑 받아왔던 텐텐은 현재도 많은 아이들이 먹고 있고 섭취고 간편하고 많은 영양성분을 포함하고 있어 성장기 어린이들에게 참 적합한 영양제가 아닐수 없네요~<br><br>이번에 먹여보고 잘 먹으면 대용량으로 구매를 추가해서 계속 먹여볼 예정입니다. <br>우선 큰 사이즈로 먹여 보기 부담스러우신 분들은 저처럼 작은 용량으로 구매해서 한번 먹여 본 후 구매하시는 걸 추천 드립니다. <br><br>제 리뷰가 구매 시 도움이 되시길 바랍니다. ^^</span></div></div><div class="sdp-review__article__list__survey"><div class="sdp-review__article__list__survey__row"><span class="sdp-review__article__list__survey__row__question">맛 만족도</span><span class="sdp-review__article__list__survey__row__answer">맛있어요</span></div></div><div class="sdp-review__article__list__help js_reviewArticleHelpfulContainer twc-text-[12px]" data-review-id="760811778" data-count="1"><div class="sdp-review__article__list__help__count"><strong>1</strong> 명에게 도움 됨</div><div class="twc-inline-block"><button class="sdp-review__article__list__help__btn js_reviewArticleHelpBtn">도움이 돼요</button><button class="sdp-review__article__list__help__btn js_reviewArticleNoHelpBtn">도움 안 돼요</button></div><button class="sdp-review__article__list__help__report-btn js_reviewArticleReviewReportBtn" data-review-id="760811778">신고하기</button><div class="sdp-review__clear"></div></div></article><article class="sdp-review__article__list js_reviewArticleReviewList"><div class="sdp-review__article__list__info"><div class="sdp-review__article__list__info__profile"><img class="js_reviewArticleCrop js_reviewUserProfileImage" alt="" data-member-id="146749698" loading="lazy" src="//thumbnail7.coupangcdn.com/thumbnails/local/320/image2/PRODUCTREVIEW/202504/20/6326601511624690788/614989e3-7700-4e19-857d-dcfee2a9ec33.jpg"></div><div class="sdp-review__article__list__info__user"><span class="sdp-review__article__list__info__user__name js_reviewUserProfileImage" data-member-id="146749698">용인댁&nbsp;</span></div><div class="sdp-review__article__list__info__product-info"><div class="sdp-review__article__list__info__product-info__star-gray"><div class="sdp-review__article__list__info__product-info__star-orange twc-w-full" data-rating="5"></div></div><div class="sdp-review__article__list__info__product-info__reg-date">2025.08.11</div></div><div class="sdp-review__article__list__info__product-info__seller_name">판매자: (주)파마인넷</div><div class="sdp-review__article__list__info__product-info__name">텐텐 영양제 츄정 츄어블 어린이 아이 키즈 영양제 비타민 미네랄 성장기 딸기맛 10정, 40g, 1개</div></div><div class="sdp-review__article__list__attachment js_reviewArticleListGalleryContainer"><div class="sdp-review__article__list__attachment__list"><img class="sdp-review__article__list__attachment__img js_reviewArticleListImage js_reviewArticleCrop" data-has-caption="false" data-caption="" alt="" data-video-size="0" data-thumbnail-path="https://thumbnail8.coupangcdn.com/thumbnails/local/320/image2/PRODUCTREVIEW/202508/11/6326601511624690788/a8b69a52-857d-4023-83d1-a69ea0b8287d.jpg" data-origin-path="https://thumbnail8.coupangcdn.com/thumbnails/local/q-1/image2/PRODUCTREVIEW/202508/11/6326601511624690788/a8b69a52-857d-4023-83d1-a69ea0b8287d.jpg" data-num="0" loading="lazy" src="https://thumbnail8.coupangcdn.com/thumbnails/local/320/image2/PRODUCTREVIEW/202508/11/6326601511624690788/a8b69a52-857d-4023-83d1-a69ea0b8287d.jpg"></div><div class="sdp-review__article__list__attachment__list"><img class="sdp-review__article__list__attachment__img js_reviewArticleListImage js_reviewArticleCrop" data-has-caption="false" data-caption="" alt="" data-video-size="0" data-thumbnail-path="https://thumbnail8.coupangcdn.com/thumbnails/local/320/image2/PRODUCTREVIEW/202508/11/6326601511624690788/00ba4a9d-6eed-458e-9af3-8ff2367181db.jpg" data-origin-path="https://thumbnail8.coupangcdn.com/thumbnails/local/q-1/image2/PRODUCTREVIEW/202508/11/6326601511624690788/00ba4a9d-6eed-458e-9af3-8ff2367181db.jpg" data-num="1" loading="lazy" src="https://thumbnail8.coupangcdn.com/thumbnails/local/320/image2/PRODUCTREVIEW/202508/11/6326601511624690788/00ba4a9d-6eed-458e-9af3-8ff2367181db.jpg"></div><div class="sdp-review__article__list__attachment__list"><img class="sdp-review__article__list__attachment__img js_reviewArticleListImage js_reviewArticleCrop" data-has-caption="false" data-caption="" alt="" data-video-size="0" data-thumbnail-path="https://thumbnail10.coupangcdn.com/thumbnails/local/320/image2/PRODUCTREVIEW/202508/11/6326601511624690788/49c5e7ff-3086-48d1-bd35-0c596e373ce1.jpg" data-origin-path="https://thumbnail10.coupangcdn.com/thumbnails/local/q-1/image2/PRODUCTREVIEW/202508/11/6326601511624690788/49c5e7ff-3086-48d1-bd35-0c596e373ce1.jpg" data-num="2" loading="lazy" src="https://thumbnail10.coupangcdn.com/thumbnails/local/320/image2/PRODUCTREVIEW/202508/11/6326601511624690788/49c5e7ff-3086-48d1-bd35-0c596e373ce1.jpg"></div><div class="sdp-review__article__list__attachment__list"><img class="sdp-review__article__list__attachment__img js_reviewArticleListImage js_reviewArticleCrop" data-has-caption="false" data-caption="" alt="" data-video-size="0" data-thumbnail-path="https://thumbnail7.coupangcdn.com/thumbnails/local/320/image2/PRODUCTREVIEW/202508/11/6326601511624690788/d8d9de82-5c0c-482c-bb3a-91b269d10321.jpg" data-origin-path="https://thumbnail7.coupangcdn.com/thumbnails/local/q-1/image2/PRODUCTREVIEW/202508/11/6326601511624690788/d8d9de82-5c0c-482c-bb3a-91b269d10321.jpg" data-num="3" loading="lazy" src="https://thumbnail7.coupangcdn.com/thumbnails/local/320/image2/PRODUCTREVIEW/202508/11/6326601511624690788/d8d9de82-5c0c-482c-bb3a-91b269d10321.jpg"></div></div><div class="sdp-review__article__list__headline">작고 달콤해 32개월 아기가 잘 먹는 믿음직한 텐텐!</div><div class="sdp-review__article__list__review js_reviewArticleContentContainer"><div class="sdp-review__article__list__review__content js_reviewArticleContent"><span class="twc-bg-white" translate="no">일반 텐텐보다 알약 크기가 작아 32개월 아기가 더 쉽게 잘 먹어요. 맛도 달콤해서 거부감 없이 잘 씹어 먹는 모습이 너무 좋습니다. 약국 전용 상품이라 믿음이 가고, 옛날부터 사랑받아 온 만큼 효과는 확실히 믿어요. 아이가 꾸준히 잘 챙겨 먹으니 영양 보충도 든든하고 엄마로서 마음이 놓여요. 포장도 깔끔하고 80정이나 들어있어 오래 사용할 수 있어 가성비도 좋아요. 역시 옛날이나 지금이나 텐텐은 믿을 만한 어린이 영양제네요.<br><br>장점<br>알약 크기 작아 32개월 아기 먹기 편함<br>달콤한 맛으로 거부감 없이 섭취 가능<br>믿을 수 있는 약국 전용 상품<br>80정 대용량으로 경제적<br><br>단점<br>츄어블이라 씹기 어려워하는 아이도 있을 수 있음<br><br>Hanmi Tenten chewable multivitamins are smaller <br>than regular ones, so my 32-month-old eats them easily. Sweet taste makes it enjoyable. Trusted pharmacy product with 80 tablets offers great value. A classic vitamin loved for years.</span></div></div><div class="sdp-review__article__list__survey"><div class="sdp-review__article__list__survey__row"><span class="sdp-review__article__list__survey__row__question">맛 만족도</span><span class="sdp-review__article__list__survey__row__answer">맛있어요</span></div></div><div class="sdp-review__article__list__help js_reviewArticleHelpfulContainer twc-text-[12px]" data-review-id="752134487" data-count="6"><div class="sdp-review__article__list__help__count"><strong>6</strong> 명에게 도움 됨</div><div class="twc-inline-block"><button class="sdp-review__article__list__help__btn js_reviewArticleHelpBtn">도움이 돼요</button><button class="sdp-review__article__list__help__btn js_reviewArticleNoHelpBtn">도움 안 돼요</button></div><button class="sdp-review__article__list__help__report-btn js_reviewArticleReviewReportBtn" data-review-id="752134487">신고하기</button><div class="sdp-review__clear"></div></div></article><article class="sdp-review__article__list js_reviewArticleReviewList"><div class="sdp-review__article__list__info"><div class="sdp-review__article__list__info__profile"><img class="js_reviewArticleCrop js_reviewUserProfileImage" alt="" data-member-id="10453744" loading="lazy" src="//thumbnail8.coupangcdn.com/thumbnails/local/320/image2/PRODUCTREVIEW/202502/25/229007418884689415/0c0453d9-f101-4059-9ef5-bc53abe626cc.jpg"></div><div class="sdp-review__article__list__info__user"><span class="sdp-review__article__list__info__user__name js_reviewUserProfileImage" data-member-id="10453744">파쏠파솔&nbsp;</span></div><div class="sdp-review__article__list__info__product-info"><div class="sdp-review__article__list__info__product-info__star-gray"><div class="sdp-review__article__list__info__product-info__star-orange twc-w-full" data-rating="5"></div></div><div class="sdp-review__article__list__info__product-info__reg-date">2024.12.08</div></div><div class="sdp-review__article__list__info__product-info__seller_name">판매자: 조은메디팜</div><div class="sdp-review__article__list__info__product-info__name">한미 추억의 텐텐 4봉지 (총 40정), 40g, 4개</div></div><div class="sdp-review__article__list__attachment js_reviewArticleListGalleryContainer"><div class="sdp-review__article__list__attachment__list"><img class="sdp-review__article__list__attachment__img js_reviewArticleListImage js_reviewArticleCrop" data-has-caption="false" data-caption="" alt="" data-video-size="0" data-thumbnail-path="https://thumbnail10.coupangcdn.com/thumbnails/local/320/image2/PRODUCTREVIEW/202412/8/229007418884689415/3b36397d-b06e-4564-bea7-65b624f1b9cb.jpg" data-origin-path="https://thumbnail10.coupangcdn.com/thumbnails/local/q-1/image2/PRODUCTREVIEW/202412/8/229007418884689415/3b36397d-b06e-4564-bea7-65b624f1b9cb.jpg" data-num="0" loading="lazy" src="https://thumbnail10.coupangcdn.com/thumbnails/local/320/image2/PRODUCTREVIEW/202412/8/229007418884689415/3b36397d-b06e-4564-bea7-65b624f1b9cb.jpg"></div><div class="sdp-review__article__list__attachment__list"><img class="sdp-review__article__list__attachment__img js_reviewArticleListImage js_reviewArticleCrop" data-has-caption="false" data-caption="" alt="" data-video-size="0" data-thumbnail-path="https://thumbnail10.coupangcdn.com/thumbnails/local/320/image2/PRODUCTREVIEW/202412/8/229007418884689415/0fa5b0be-eac0-4d6c-a47f-ebb2d60cc54d.jpg" data-origin-path="https://thumbnail10.coupangcdn.com/thumbnails/local/q-1/image2/PRODUCTREVIEW/202412/8/229007418884689415/0fa5b0be-eac0-4d6c-a47f-ebb2d60cc54d.jpg" data-num="1" loading="lazy" src="https://thumbnail10.coupangcdn.com/thumbnails/local/320/image2/PRODUCTREVIEW/202412/8/229007418884689415/0fa5b0be-eac0-4d6c-a47f-ebb2d60cc54d.jpg"></div><div class="sdp-review__article__list__attachment__list"><img class="sdp-review__article__list__attachment__img js_reviewArticleListImage js_reviewArticleCrop" data-has-caption="false" data-caption="" alt="" data-video-size="0" data-thumbnail-path="https://thumbnail6.coupangcdn.com/thumbnails/local/320/image2/PRODUCTREVIEW/202412/8/229007418884689415/c325b37a-3f74-4ef9-be11-7c7f64444d4a.jpg" data-origin-path="https://thumbnail6.coupangcdn.com/thumbnails/local/q-1/image2/PRODUCTREVIEW/202412/8/229007418884689415/c325b37a-3f74-4ef9-be11-7c7f64444d4a.jpg" data-num="2" loading="lazy" src="https://thumbnail6.coupangcdn.com/thumbnails/local/320/image2/PRODUCTREVIEW/202412/8/229007418884689415/c325b37a-3f74-4ef9-be11-7c7f64444d4a.jpg"></div><div class="sdp-review__article__list__attachment__list"><img class="sdp-review__article__list__attachment__img js_reviewArticleListImage js_reviewArticleCrop" data-has-caption="false" data-caption="" alt="" data-video-size="0" data-thumbnail-path="https://thumbnail9.coupangcdn.com/thumbnails/local/320/image2/PRODUCTREVIEW/202412/8/229007418884689415/ea4e218f-f83e-4406-a39f-2382eb687659.jpg" data-origin-path="https://thumbnail9.coupangcdn.com/thumbnails/local/q-1/image2/PRODUCTREVIEW/202412/8/229007418884689415/ea4e218f-f83e-4406-a39f-2382eb687659.jpg" data-num="3" loading="lazy" src="https://thumbnail9.coupangcdn.com/thumbnails/local/320/image2/PRODUCTREVIEW/202412/8/229007418884689415/ea4e218f-f83e-4406-a39f-2382eb687659.jpg"></div><div class="sdp-review__article__list__attachment__list"><img class="sdp-review__article__list__attachment__img js_reviewArticleListImage js_reviewArticleCrop" data-has-caption="false" data-caption="" alt="" data-video-size="0" data-thumbnail-path="https://thumbnail8.coupangcdn.com/thumbnails/local/320/image2/PRODUCTREVIEW/202412/8/229007418884689415/4010856f-8171-4a79-8e7a-e50f4cbc2cad.jpg" data-origin-path="https://thumbnail8.coupangcdn.com/thumbnails/local/q-1/image2/PRODUCTREVIEW/202412/8/229007418884689415/4010856f-8171-4a79-8e7a-e50f4cbc2cad.jpg" data-num="4" loading="lazy" src="https://thumbnail8.coupangcdn.com/thumbnails/local/320/image2/PRODUCTREVIEW/202412/8/229007418884689415/4010856f-8171-4a79-8e7a-e50f4cbc2cad.jpg"></div><div class="sdp-review__article__list__attachment__list"><img class="sdp-review__article__list__attachment__img js_reviewArticleListImage js_reviewArticleCrop" data-has-caption="false" data-caption="" alt="" data-video-size="0" data-thumbnail-path="https://thumbnail6.coupangcdn.com/thumbnails/local/320/image2/PRODUCTREVIEW/202412/8/229007418884689415/afaf5338-6b71-4f7f-9924-dfad512705fc.jpg" data-origin-path="https://thumbnail6.coupangcdn.com/thumbnails/local/q-1/image2/PRODUCTREVIEW/202412/8/229007418884689415/afaf5338-6b71-4f7f-9924-dfad512705fc.jpg" data-num="5" loading="lazy" src="https://thumbnail6.coupangcdn.com/thumbnails/local/320/image2/PRODUCTREVIEW/202412/8/229007418884689415/afaf5338-6b71-4f7f-9924-dfad512705fc.jpg"></div><div class="sdp-review__article__list__attachment__list"><img class="sdp-review__article__list__attachment__img js_reviewArticleListImage js_reviewArticleCrop" data-has-caption="false" data-caption="" alt="" data-video-size="0" data-thumbnail-path="https://thumbnail7.coupangcdn.com/thumbnails/local/320/image2/PRODUCTREVIEW/202412/8/229007418884689415/c83ce0aa-03ab-4707-843a-1a112778b4f3.jpg" data-origin-path="https://thumbnail7.coupangcdn.com/thumbnails/local/q-1/image2/PRODUCTREVIEW/202412/8/229007418884689415/c83ce0aa-03ab-4707-843a-1a112778b4f3.jpg" data-num="6" loading="lazy" src="https://thumbnail7.coupangcdn.com/thumbnails/local/320/image2/PRODUCTREVIEW/202412/8/229007418884689415/c83ce0aa-03ab-4707-843a-1a112778b4f3.jpg"></div><div class="sdp-review__article__list__attachment__list"><img class="sdp-review__article__list__attachment__img js_reviewArticleListImage js_reviewArticleCrop" data-has-caption="false" data-caption="" alt="" data-video-size="0" data-thumbnail-path="https://thumbnail9.coupangcdn.com/thumbnails/local/320/image2/PRODUCTREVIEW/202412/8/229007418884689415/11bef0fe-4100-48cd-ac80-65df15481295.jpg" data-origin-path="https://thumbnail9.coupangcdn.com/thumbnails/local/q-1/image2/PRODUCTREVIEW/202412/8/229007418884689415/11bef0fe-4100-48cd-ac80-65df15481295.jpg" data-num="7" loading="lazy" src="https://thumbnail9.coupangcdn.com/thumbnails/local/320/image2/PRODUCTREVIEW/202412/8/229007418884689415/11bef0fe-4100-48cd-ac80-65df15481295.jpg"></div><div class="sdp-review__article__list__attachment__list"><img class="sdp-review__article__list__attachment__img js_reviewArticleListImage js_reviewArticleCrop" data-has-caption="false" data-caption="" alt="" data-video-size="0" data-thumbnail-path="https://thumbnail10.coupangcdn.com/thumbnails/local/320/image2/PRODUCTREVIEW/202412/8/229007418884689415/efa83cb9-2006-403c-97fc-5d012dfb4212.jpg" data-origin-path="https://thumbnail10.coupangcdn.com/thumbnails/local/q-1/image2/PRODUCTREVIEW/202412/8/229007418884689415/efa83cb9-2006-403c-97fc-5d012dfb4212.jpg" data-num="8" loading="lazy" src="https://thumbnail10.coupangcdn.com/thumbnails/local/320/image2/PRODUCTREVIEW/202412/8/229007418884689415/efa83cb9-2006-403c-97fc-5d012dfb4212.jpg"></div><div class="sdp-review__article__list__attachment__list"><img class="sdp-review__article__list__attachment__img js_reviewArticleListImage js_reviewArticleCrop" data-has-caption="false" data-caption="" alt="" data-video-size="0" data-thumbnail-path="https://thumbnail10.coupangcdn.com/thumbnails/local/320/image2/PRODUCTREVIEW/202412/8/229007418884689415/28f8b7d7-e024-45a5-9727-be5627b8cccb.jpg" data-origin-path="https://thumbnail10.coupangcdn.com/thumbnails/local/q-1/image2/PRODUCTREVIEW/202412/8/229007418884689415/28f8b7d7-e024-45a5-9727-be5627b8cccb.jpg" data-num="9" loading="lazy" src="https://thumbnail10.coupangcdn.com/thumbnails/local/320/image2/PRODUCTREVIEW/202412/8/229007418884689415/28f8b7d7-e024-45a5-9727-be5627b8cccb.jpg"></div></div><div class="sdp-review__article__list__headline">영양제가 이렇게 맛있으면 어떡해요ㅜㅜ너무 자주 먹어요</div><div class="sdp-review__article__list__review js_reviewArticleContentContainer"><div class="sdp-review__article__list__review__content js_reviewArticleContent"><span class="twc-bg-white" translate="no">안녕하세요. 제돈내산 입니다. 언제나 고민은 아이들 식사나 간식 그리고 영양제 입니다. 며칠동안 약국에서 텐텐을 먹는 둘째인데 가격이 후ㄷㄷ 그래서 생각해낸것이 쿠팡 입니다! 그유명한 나도 어렸을때 즐겼던 텐텐 먹은 후기를 남기겠습니다.<br><br>결론은 역시는 역시다 텐텐! 한미! 청우! Haccp인증, 맛도 good!<br><br>1. 소비기한은 넉넉합니다. 25년 11월16일까지 입니다!<br>2. 10개 들어있습니다. 요즘 물가에  가히 가성비가 좋다고 <br>    할 수 있습니다. 그런데ㅜㅜ오자마자 1봉지 다먹은것은<br>    안비밀ㅜㅜ애들아 이거 하루에 1정이야ㅜㅜ<br>3. 크기는 약국보다는 조금 더 작지만 아이들이 먹기에는 적당한<br>     크기여서 아이들에게 거부감 없이 딱 맞을것 같습니다.<br>4. 처음엔 텐텐 맞을까? 했는데 맛이 똑같습니다! 애들이<br>    엄청 좋아합니다. 겨울철 잘 버텨야죠!<br>5. 딸기향이라서 싫어하는 아이는 없을거고 성인들도 좋아할<br>    것 같아요<br>6. 지퍼백 타입으로 장기간 보관과 휴대성이 좋습니다.<br>7. 유통책임 회사는 한미라는 제약 대기업이다보니 <br>     역시 철저히 검사하고 합격된 HACCP으로 더욱 안심하고 <br>     먹었습니다. 그리고 제조회사도 우리가 잘아는 식품중견기업<br>     청우식품으로 안심하셔도 됩니다!<br><br>*내돈내산으로 사심없이 작성한 후기입니다! <br>구매 결정에 도움이 되셨으면 좋겠습니다.*<br>도움이 되셨다면 도움돼요를 한번 눌러주시면 감사하겠습니다!</span></div></div><div class="sdp-review__article__list__survey"><div class="sdp-review__article__list__survey__row"><span class="sdp-review__article__list__survey__row__question">맛 만족도</span><span class="sdp-review__article__list__survey__row__answer">맛있어요</span></div></div><div class="sdp-review__article__list__help js_reviewArticleHelpfulContainer twc-text-[12px]" data-review-id="663081776" data-count="9"><div class="sdp-review__article__list__help__count"><strong>9</strong> 명에게 도움 됨</div><div class="twc-inline-block"><button class="sdp-review__article__list__help__btn js_reviewArticleHelpBtn">도움이 돼요</button><button class="sdp-review__article__list__help__btn js_reviewArticleNoHelpBtn">도움 안 돼요</button></div><button class="sdp-review__article__list__help__report-btn js_reviewArticleReviewReportBtn" data-review-id="663081776">신고하기</button><div class="sdp-review__clear"></div></div></article><article class="sdp-review__article__list js_reviewArticleReviewList"><div class="sdp-review__article__list__info"><div class="sdp-review__article__list__info__profile"><img class="js_reviewArticleCrop js_reviewUserProfileImage" alt="" data-member-id="119915149" loading="lazy" src="//img1a.coupangcdn.com/image/productreview/web/pdp/profile/img-profile-empty.png"></div><div class="sdp-review__article__list__info__user"><span class="sdp-review__article__list__info__user__name js_reviewUserProfileImage" data-member-id="119915149">김환&nbsp;</span><img class="sdp-review__article__list__info__top-badge js_reviewArticleTopReviewBtn" alt="" loading="lazy" src="//img1a.coupangcdn.com/image/productreview/web/pdp/badges/REAL_NAME_REVIEWER_v1.png"></div><div class="sdp-review__article__list__info__product-info"><div class="sdp-review__article__list__info__product-info__star-gray"><div class="sdp-review__article__list__info__product-info__star-orange twc-w-full" data-rating="5"></div></div><div class="sdp-review__article__list__info__product-info__reg-date">2024.11.19</div></div><div class="sdp-review__article__list__info__product-info__seller_name">판매자: 주식회사포스트중경</div><div class="sdp-review__article__list__info__product-info__name">한미 추억의 텐텐 츄정 1박스 80정, 40g, 8개</div></div><div class="sdp-review__article__list__attachment js_reviewArticleListGalleryContainer"><div class="sdp-review__article__list__attachment__list"><img class="sdp-review__article__list__attachment__img js_reviewArticleCrop" loading="lazy" alt="" src="https://video.coupangcdn.com/cloud/PRODUCTREVIEW/202411/19/7853269778681733284/d92aa8e8-e899-4514-9866-198de774c7f8/transcode/thumbnail-00001.png"><div class="sdp-review__article__list__attachment__list__video js_reviewArticleListImage" data-thumbnail-path="https://video.coupangcdn.com/cloud/PRODUCTREVIEW/202411/19/7853269778681733284/d92aa8e8-e899-4514-9866-198de774c7f8/transcode/thumbnail-00001.png" data-video-path="https://video.coupangcdn.com/cloud/PRODUCTREVIEW/202411/19/7853269778681733284/d92aa8e8-e899-4514-9866-198de774c7f8/transcode/index.m3u8" data-num="0"><div class="sdp-review__article__list__attachment__list__video__btn"></div><div class="sdp-review__article__list__attachment__list__video__duration">0:14</div></div></div><div class="sdp-review__article__list__attachment__list"><img class="sdp-review__article__list__attachment__img js_reviewArticleListImage js_reviewArticleCrop" data-has-caption="false" alt="" data-video-size="1" data-thumbnail-path="https://thumbnail9.coupangcdn.com/thumbnails/local/320/image2/PRODUCTREVIEW/202411/19/7853269778681733284/33db8c63-ee20-4694-a505-dcdead82363e.jpg" data-origin-path="https://thumbnail9.coupangcdn.com/thumbnails/local/q-1/image2/PRODUCTREVIEW/202411/19/7853269778681733284/33db8c63-ee20-4694-a505-dcdead82363e.jpg" data-num="0" loading="lazy" src="https://thumbnail9.coupangcdn.com/thumbnails/local/320/image2/PRODUCTREVIEW/202411/19/7853269778681733284/33db8c63-ee20-4694-a505-dcdead82363e.jpg"></div><div class="sdp-review__article__list__attachment__list"><img class="sdp-review__article__list__attachment__img js_reviewArticleListImage js_reviewArticleCrop" data-has-caption="false" alt="" data-video-size="1" data-thumbnail-path="https://thumbnail8.coupangcdn.com/thumbnails/local/320/image2/PRODUCTREVIEW/202411/19/7853269778681733284/0b434c6a-f2be-4494-af73-6085b113f574.jpg" data-origin-path="https://thumbnail8.coupangcdn.com/thumbnails/local/q-1/image2/PRODUCTREVIEW/202411/19/7853269778681733284/0b434c6a-f2be-4494-af73-6085b113f574.jpg" data-num="1" loading="lazy" src="https://thumbnail8.coupangcdn.com/thumbnails/local/320/image2/PRODUCTREVIEW/202411/19/7853269778681733284/0b434c6a-f2be-4494-af73-6085b113f574.jpg"></div><div class="sdp-review__article__list__attachment__list"><img class="sdp-review__article__list__attachment__img js_reviewArticleListImage js_reviewArticleCrop" data-has-caption="false" alt="" data-video-size="1" data-thumbnail-path="https://thumbnail9.coupangcdn.com/thumbnails/local/320/image2/PRODUCTREVIEW/202411/19/7853269778681733284/55165b34-2b1a-4f43-8224-0dae3d85ba92.jpg" data-origin-path="https://thumbnail9.coupangcdn.com/thumbnails/local/q-1/image2/PRODUCTREVIEW/202411/19/7853269778681733284/55165b34-2b1a-4f43-8224-0dae3d85ba92.jpg" data-num="2" loading="lazy" src="https://thumbnail9.coupangcdn.com/thumbnails/local/320/image2/PRODUCTREVIEW/202411/19/7853269778681733284/55165b34-2b1a-4f43-8224-0dae3d85ba92.jpg"></div><div class="sdp-review__article__list__attachment__list"><img class="sdp-review__article__list__attachment__img js_reviewArticleListImage js_reviewArticleCrop" data-has-caption="false" alt="" data-video-size="1" data-thumbnail-path="https://thumbnail10.coupangcdn.com/thumbnails/local/320/image2/PRODUCTREVIEW/202411/19/7853269778681733284/057b4bb4-05d5-499b-81b7-ba31802d8141.jpg" data-origin-path="https://thumbnail10.coupangcdn.com/thumbnails/local/q-1/image2/PRODUCTREVIEW/202411/19/7853269778681733284/057b4bb4-05d5-499b-81b7-ba31802d8141.jpg" data-num="3" loading="lazy" src="https://thumbnail10.coupangcdn.com/thumbnails/local/320/image2/PRODUCTREVIEW/202411/19/7853269778681733284/057b4bb4-05d5-499b-81b7-ba31802d8141.jpg"></div><div class="sdp-review__article__list__attachment__list"><img class="sdp-review__article__list__attachment__img js_reviewArticleListImage js_reviewArticleCrop" data-has-caption="false" alt="" data-video-size="1" data-thumbnail-path="https://thumbnail10.coupangcdn.com/thumbnails/local/320/image2/PRODUCTREVIEW/202411/19/7853269778681733284/e47f8b36-a3d8-4b6a-a968-a861f3b129d3.jpg" data-origin-path="https://thumbnail10.coupangcdn.com/thumbnails/local/q-1/image2/PRODUCTREVIEW/202411/19/7853269778681733284/e47f8b36-a3d8-4b6a-a968-a861f3b129d3.jpg" data-num="4" loading="lazy" src="https://thumbnail10.coupangcdn.com/thumbnails/local/320/image2/PRODUCTREVIEW/202411/19/7853269778681733284/e47f8b36-a3d8-4b6a-a968-a861f3b129d3.jpg"></div><div class="sdp-review__article__list__attachment__list"><img class="sdp-review__article__list__attachment__img js_reviewArticleListImage js_reviewArticleCrop" data-has-caption="false" alt="" data-video-size="1" data-thumbnail-path="https://thumbnail8.coupangcdn.com/thumbnails/local/320/image2/PRODUCTREVIEW/202411/19/7853269778681733284/6d9ea098-b604-4472-aab8-3edd2e8a8456.jpg" data-origin-path="https://thumbnail8.coupangcdn.com/thumbnails/local/q-1/image2/PRODUCTREVIEW/202411/19/7853269778681733284/6d9ea098-b604-4472-aab8-3edd2e8a8456.jpg" data-num="5" loading="lazy" src="https://thumbnail8.coupangcdn.com/thumbnails/local/320/image2/PRODUCTREVIEW/202411/19/7853269778681733284/6d9ea098-b604-4472-aab8-3edd2e8a8456.jpg"></div><div class="sdp-review__article__list__attachment__list"><img class="sdp-review__article__list__attachment__img js_reviewArticleListImage js_reviewArticleCrop" data-has-caption="false" alt="" data-video-size="1" data-thumbnail-path="https://thumbnail8.coupangcdn.com/thumbnails/local/320/image2/PRODUCTREVIEW/202411/19/7853269778681733284/24b8b1c7-04fd-4621-8cc6-d958a0816dcf.jpg" data-origin-path="https://thumbnail8.coupangcdn.com/thumbnails/local/q-1/image2/PRODUCTREVIEW/202411/19/7853269778681733284/24b8b1c7-04fd-4621-8cc6-d958a0816dcf.jpg" data-num="6" loading="lazy" src="https://thumbnail8.coupangcdn.com/thumbnails/local/320/image2/PRODUCTREVIEW/202411/19/7853269778681733284/24b8b1c7-04fd-4621-8cc6-d958a0816dcf.jpg"></div><div class="sdp-review__article__list__attachment__list"><img class="sdp-review__article__list__attachment__img js_reviewArticleListImage js_reviewArticleCrop" data-has-caption="false" alt="" data-video-size="1" data-thumbnail-path="https://thumbnail6.coupangcdn.com/thumbnails/local/320/image2/PRODUCTREVIEW/202411/19/7853269778681733284/23f9f027-41e0-4147-9d60-5b0319226f69.jpg" data-origin-path="https://thumbnail6.coupangcdn.com/thumbnails/local/q-1/image2/PRODUCTREVIEW/202411/19/7853269778681733284/23f9f027-41e0-4147-9d60-5b0319226f69.jpg" data-num="7" loading="lazy" src="https://thumbnail6.coupangcdn.com/thumbnails/local/320/image2/PRODUCTREVIEW/202411/19/7853269778681733284/23f9f027-41e0-4147-9d60-5b0319226f69.jpg"></div><div class="sdp-review__article__list__attachment__list"><img class="sdp-review__article__list__attachment__img js_reviewArticleListImage js_reviewArticleCrop" data-has-caption="false" alt="" data-video-size="1" data-thumbnail-path="https://thumbnail9.coupangcdn.com/thumbnails/local/320/image2/PRODUCTREVIEW/202411/19/7853269778681733284/3cf3a3e7-cc24-48c6-a55d-b18eb190c689.jpg" data-origin-path="https://thumbnail9.coupangcdn.com/thumbnails/local/q-1/image2/PRODUCTREVIEW/202411/19/7853269778681733284/3cf3a3e7-cc24-48c6-a55d-b18eb190c689.jpg" data-num="8" loading="lazy" src="https://thumbnail9.coupangcdn.com/thumbnails/local/320/image2/PRODUCTREVIEW/202411/19/7853269778681733284/3cf3a3e7-cc24-48c6-a55d-b18eb190c689.jpg"></div><div class="sdp-review__article__list__attachment__list"><img class="sdp-review__article__list__attachment__img js_reviewArticleListImage js_reviewArticleCrop" data-has-caption="false" alt="" data-video-size="1" data-thumbnail-path="https://thumbnail8.coupangcdn.com/thumbnails/local/320/image2/PRODUCTREVIEW/202411/19/7853269778681733284/cf87d87c-8b84-4a99-a00c-8f84b10664a5.jpg" data-origin-path="https://thumbnail8.coupangcdn.com/thumbnails/local/q-1/image2/PRODUCTREVIEW/202411/19/7853269778681733284/cf87d87c-8b84-4a99-a00c-8f84b10664a5.jpg" data-num="9" loading="lazy" src="https://thumbnail8.coupangcdn.com/thumbnails/local/320/image2/PRODUCTREVIEW/202411/19/7853269778681733284/cf87d87c-8b84-4a99-a00c-8f84b10664a5.jpg"></div></div><div class="sdp-review__article__list__headline">추억의 텐텐 진짜 쫀득하니 쫄깃하고 너무 맛있는자나</div><div class="sdp-review__article__list__review js_reviewArticleContentContainer"><div class="sdp-review__article__list__review__content js_reviewArticleContent"><span class="twc-bg-white" translate="no">추억의 텐텐 진짜 쫀득하니 쫄깃하고 너무 맛있는거 아입니까?<br>아이가 학교에서 받아와가지고 텐텐 먹어보더니 맛있다고 사달래요<br>그래서 살려고 보니까 생각보다 가격이 있더라고요<br>그치만 갯수가 왕창 많으니까 아깝지 않더라고요-!<br><br>✅️맛<br><br>맛은 뭐, 아이들이 좋아하는맛, 그리고 우리들이 어린시절에 먹던 그 맛 <br>변함없이 그대로더라고요-! 약간의 불량 딸기맛 ㅋㅋㅋ<br>약간 매일 먹으면 질리는 그런맛이기도해요 ㅋㅋ 저한테는 ㅋㅋ<br>근데 아이가 유난히 맛있게 잘먹더라고요. 단거 짱 좋아하거든요<br>단맛이 강하고 쫄깃한 그 카라멜 같은 식감이 있는데<br>이에 많이 달라붙더라고요. 자일리톨이 함유되어있어서<br>이는 안썩겠지 하면서, 약간 걱정 덜었었어요.<br><br>✅️영양제 복용법<br><br>자일리톨도 들어가있고, 칼슘도 들어가있고 비타민도 들어가있어요<br>생각보다 괜찮은 제품이라고 생각이 들었어요 <br><br>만 8세 이상은 1일 2회 또는 1회 2정<br>먹으면 된다고해요. 어른은 하루 5개까지 가능하대요<br><br>어린시절 먹었을땐 그냥 카라멜같은 거인줄만 알았지<br>이렇게 영양성분까지 들어가있는 영양제인줄은 몰랐네요<br>매일 하루에 2개씩 저희아이 먹여보려고요<br><br>역시 아이들은 비싸고 좋은 영양제 사줄필요없이<br>이렇게 본인이 맛있게 잘먹는 영양제 하나 꾸준히 챙겨주면 좋은것 같아요<br>텐텐도 정말 오랜기간 복용해야 효과를 본다고 하더라고요<br>그래서 없어질때까지 꾸준히 한번 먹여보려고요<br><br>100프로 내 돈 내산 후기랍니다<br>긴 글 읽어주셔서 감사합니다 ^^</span></div></div><div class="sdp-review__article__list__survey"><div class="sdp-review__article__list__survey__row"><span class="sdp-review__article__list__survey__row__question">맛 만족도</span><span class="sdp-review__article__list__survey__row__answer">맛있어요</span></div></div><div class="sdp-review__article__list__help js_reviewArticleHelpfulContainer twc-text-[12px]" data-review-id="656410378" data-count="55"><div class="sdp-review__article__list__help__count"><strong>55</strong> 명에게 도움 됨</div><div class="twc-inline-block"><button class="sdp-review__article__list__help__btn js_reviewArticleHelpBtn">도움이 돼요</button><button class="sdp-review__article__list__help__btn js_reviewArticleNoHelpBtn">도움 안 돼요</button></div><button class="sdp-review__article__list__help__report-btn js_reviewArticleReviewReportBtn" data-review-id="656410378">신고하기</button><div class="sdp-review__clear"></div></div></article><article class="sdp-review__article__list js_reviewArticleReviewList"><div class="sdp-review__article__list__info"><div class="sdp-review__article__list__info__profile"><img class="js_reviewArticleCrop js_reviewUserProfileImage" alt="" data-member-id="13768209" loading="lazy" src="//thumbnail7.coupangcdn.com/thumbnails/local/320/image2/PRODUCTREVIEW/202505/7/4027342307515176647/e925bc21-937d-4a24-ab4a-ef4483ee1942.jpg"></div><div class="sdp-review__article__list__info__user"><span class="sdp-review__article__list__info__user__name js_reviewUserProfileImage" data-member-id="13768209">빠다버터칩&nbsp;</span><img class="sdp-review__article__list__info__top-badge js_reviewArticleTopReviewBtn" alt="" loading="lazy" src="//img1a.coupangcdn.com/image/productreview/web/pdp/badges/TOP500_v1.png"></div><div class="sdp-review__article__list__info__product-info"><div class="sdp-review__article__list__info__product-info__star-gray"><div class="sdp-review__article__list__info__product-info__star-orange twc-w-full" data-rating="5"></div></div><div class="sdp-review__article__list__info__product-info__reg-date">2024.11.09</div></div><div class="sdp-review__article__list__info__product-info__seller_name">판매자: 조은메디팜</div><div class="sdp-review__article__list__info__product-info__name">한미 추억의 텐텐 4봉지 (총 40정), 40g, 4개</div></div><div class="sdp-review__article__list__attachment js_reviewArticleListGalleryContainer"><div class="sdp-review__article__list__attachment__list"><img class="sdp-review__article__list__attachment__img js_reviewArticleListImage js_reviewArticleCrop" data-has-caption="false" data-caption="" alt="" data-video-size="0" data-thumbnail-path="https://thumbnail8.coupangcdn.com/thumbnails/local/320/image2/PRODUCTREVIEW/202411/9/4027342307515176647/11beb8c0-2784-407b-98f7-bb8fe535c753.jpg" data-origin-path="https://thumbnail8.coupangcdn.com/thumbnails/local/q-1/image2/PRODUCTREVIEW/202411/9/4027342307515176647/11beb8c0-2784-407b-98f7-bb8fe535c753.jpg" data-num="0" loading="lazy" src="https://thumbnail8.coupangcdn.com/thumbnails/local/320/image2/PRODUCTREVIEW/202411/9/4027342307515176647/11beb8c0-2784-407b-98f7-bb8fe535c753.jpg"></div><div class="sdp-review__article__list__attachment__list"><img class="sdp-review__article__list__attachment__img js_reviewArticleListImage js_reviewArticleCrop" data-has-caption="false" data-caption="" alt="" data-video-size="0" data-thumbnail-path="https://thumbnail7.coupangcdn.com/thumbnails/local/320/image2/PRODUCTREVIEW/202411/9/4027342307515176647/e8397ade-4f03-42d0-8303-1c4122db9545.jpg" data-origin-path="https://thumbnail7.coupangcdn.com/thumbnails/local/q-1/image2/PRODUCTREVIEW/202411/9/4027342307515176647/e8397ade-4f03-42d0-8303-1c4122db9545.jpg" data-num="1" loading="lazy" src="https://thumbnail7.coupangcdn.com/thumbnails/local/320/image2/PRODUCTREVIEW/202411/9/4027342307515176647/e8397ade-4f03-42d0-8303-1c4122db9545.jpg"></div><div class="sdp-review__article__list__attachment__list"><img class="sdp-review__article__list__attachment__img js_reviewArticleListImage js_reviewArticleCrop" data-has-caption="false" data-caption="" alt="" data-video-size="0" data-thumbnail-path="https://thumbnail9.coupangcdn.com/thumbnails/local/320/image2/PRODUCTREVIEW/202411/9/4027342307515176647/2c7ed9d9-c553-4817-b370-b6f60f64e0bb.jpg" data-origin-path="https://thumbnail9.coupangcdn.com/thumbnails/local/q-1/image2/PRODUCTREVIEW/202411/9/4027342307515176647/2c7ed9d9-c553-4817-b370-b6f60f64e0bb.jpg" data-num="2" loading="lazy" src="https://thumbnail9.coupangcdn.com/thumbnails/local/320/image2/PRODUCTREVIEW/202411/9/4027342307515176647/2c7ed9d9-c553-4817-b370-b6f60f64e0bb.jpg"></div><div class="sdp-review__article__list__attachment__list"><img class="sdp-review__article__list__attachment__img js_reviewArticleListImage js_reviewArticleCrop" data-has-caption="false" data-caption="" alt="" data-video-size="0" data-thumbnail-path="https://thumbnail9.coupangcdn.com/thumbnails/local/320/image2/PRODUCTREVIEW/202411/9/4027342307515176647/1f3901ad-df68-4038-9bca-b2e9ba1d70f8.jpg" data-origin-path="https://thumbnail9.coupangcdn.com/thumbnails/local/q-1/image2/PRODUCTREVIEW/202411/9/4027342307515176647/1f3901ad-df68-4038-9bca-b2e9ba1d70f8.jpg" data-num="3" loading="lazy" src="https://thumbnail9.coupangcdn.com/thumbnails/local/320/image2/PRODUCTREVIEW/202411/9/4027342307515176647/1f3901ad-df68-4038-9bca-b2e9ba1d70f8.jpg"></div><div class="sdp-review__article__list__attachment__list"><img class="sdp-review__article__list__attachment__img js_reviewArticleListImage js_reviewArticleCrop" data-has-caption="false" data-caption="" alt="" data-video-size="0" data-thumbnail-path="https://thumbnail8.coupangcdn.com/thumbnails/local/320/image2/PRODUCTREVIEW/202411/9/4027342307515176647/b752293f-f6da-4e89-a992-e03969f0705f.jpg" data-origin-path="https://thumbnail8.coupangcdn.com/thumbnails/local/q-1/image2/PRODUCTREVIEW/202411/9/4027342307515176647/b752293f-f6da-4e89-a992-e03969f0705f.jpg" data-num="4" loading="lazy" src="https://thumbnail8.coupangcdn.com/thumbnails/local/320/image2/PRODUCTREVIEW/202411/9/4027342307515176647/b752293f-f6da-4e89-a992-e03969f0705f.jpg"></div><div class="sdp-review__article__list__attachment__list"><img class="sdp-review__article__list__attachment__img js_reviewArticleListImage js_reviewArticleCrop" data-has-caption="false" data-caption="" alt="" data-video-size="0" data-thumbnail-path="https://thumbnail9.coupangcdn.com/thumbnails/local/320/image2/PRODUCTREVIEW/202411/9/4027342307515176647/af3f0eb8-54d3-4be2-b016-6fa4b9be0c7d.jpg" data-origin-path="https://thumbnail9.coupangcdn.com/thumbnails/local/q-1/image2/PRODUCTREVIEW/202411/9/4027342307515176647/af3f0eb8-54d3-4be2-b016-6fa4b9be0c7d.jpg" data-num="5" loading="lazy" src="https://thumbnail9.coupangcdn.com/thumbnails/local/320/image2/PRODUCTREVIEW/202411/9/4027342307515176647/af3f0eb8-54d3-4be2-b016-6fa4b9be0c7d.jpg"></div><div class="sdp-review__article__list__attachment__list"><img class="sdp-review__article__list__attachment__img js_reviewArticleListImage js_reviewArticleCrop" data-has-caption="false" data-caption="" alt="" data-video-size="0" data-thumbnail-path="https://thumbnail10.coupangcdn.com/thumbnails/local/320/image2/PRODUCTREVIEW/202411/9/4027342307515176647/7adc877d-0e02-4ab1-a5d9-5885388c0239.jpg" data-origin-path="https://thumbnail10.coupangcdn.com/thumbnails/local/q-1/image2/PRODUCTREVIEW/202411/9/4027342307515176647/7adc877d-0e02-4ab1-a5d9-5885388c0239.jpg" data-num="6" loading="lazy" src="https://thumbnail10.coupangcdn.com/thumbnails/local/320/image2/PRODUCTREVIEW/202411/9/4027342307515176647/7adc877d-0e02-4ab1-a5d9-5885388c0239.jpg"></div><div class="sdp-review__article__list__attachment__list"><img class="sdp-review__article__list__attachment__img js_reviewArticleListImage js_reviewArticleCrop" data-has-caption="false" data-caption="" alt="" data-video-size="0" data-thumbnail-path="https://thumbnail10.coupangcdn.com/thumbnails/local/320/image2/PRODUCTREVIEW/202411/9/4027342307515176647/f947d1aa-1954-4048-92ac-6ac2d4c274f3.jpg" data-origin-path="https://thumbnail10.coupangcdn.com/thumbnails/local/q-1/image2/PRODUCTREVIEW/202411/9/4027342307515176647/f947d1aa-1954-4048-92ac-6ac2d4c274f3.jpg" data-num="7" loading="lazy" src="https://thumbnail10.coupangcdn.com/thumbnails/local/320/image2/PRODUCTREVIEW/202411/9/4027342307515176647/f947d1aa-1954-4048-92ac-6ac2d4c274f3.jpg"></div><div class="sdp-review__article__list__attachment__list"><img class="sdp-review__article__list__attachment__img js_reviewArticleListImage js_reviewArticleCrop" data-has-caption="false" data-caption="" alt="" data-video-size="0" data-thumbnail-path="https://thumbnail7.coupangcdn.com/thumbnails/local/320/image2/PRODUCTREVIEW/202411/9/4027342307515176647/3ec53f43-0a2b-4699-96f5-abdf9f271a7c.jpg" data-origin-path="https://thumbnail7.coupangcdn.com/thumbnails/local/q-1/image2/PRODUCTREVIEW/202411/9/4027342307515176647/3ec53f43-0a2b-4699-96f5-abdf9f271a7c.jpg" data-num="8" loading="lazy" src="https://thumbnail7.coupangcdn.com/thumbnails/local/320/image2/PRODUCTREVIEW/202411/9/4027342307515176647/3ec53f43-0a2b-4699-96f5-abdf9f271a7c.jpg"></div><div class="sdp-review__article__list__attachment__list"><img class="sdp-review__article__list__attachment__img js_reviewArticleListImage js_reviewArticleCrop" data-has-caption="false" data-caption="" alt="" data-video-size="0" data-thumbnail-path="https://thumbnail8.coupangcdn.com/thumbnails/local/320/image2/PRODUCTREVIEW/202411/9/4027342307515176647/4dd6d2a6-1503-4a96-b493-821a60ccb296.jpg" data-origin-path="https://thumbnail8.coupangcdn.com/thumbnails/local/q-1/image2/PRODUCTREVIEW/202411/9/4027342307515176647/4dd6d2a6-1503-4a96-b493-821a60ccb296.jpg" data-num="9" loading="lazy" src="https://thumbnail8.coupangcdn.com/thumbnails/local/320/image2/PRODUCTREVIEW/202411/9/4027342307515176647/4dd6d2a6-1503-4a96-b493-821a60ccb296.jpg"></div></div><div class="sdp-review__article__list__headline">새콤달콤 추억을 소환하는 맛!!</div><div class="sdp-review__article__list__review js_reviewArticleContentContainer"><div class="sdp-review__article__list__review__content js_reviewArticleContent"><span class="twc-bg-white" translate="no">❗어릴적 먹었던 그 텐텐<br><br>우리집 둘째녀석이 유치원에서 친구에게 텐텐을 얻어먹었어요^^ 하원하자마자 절 보더니 텐텐을 사달라는거예요~ 저 국민학교 시절에 텐텐 먹는 친구를 부러워했던 기억이 나요~맘씨 좋은 그 친구도 딸랑구 친구처럼 주변에 나눠주었어요~ 친하지 않았지만 옆에 있던 저에게도 주길래 얻어 먹었던 기억이 나네요^^ 그때의 추억도 떠올릴겸 바로 주문했어요~<br><br>붉은색의 젤리고 고소한 약맛이 나면서 새콤한 딸기맛이예요.어릴때랑 색은 똑같아요. 맛은 정확하지 않고 흐려서 잘 모르겠지만 맛있어요.<br>근데 원래 가격이 이렇게 착했었나요? 당시 90년대 물가치고도 비싼 기억이있는데 그때에 비하면 오히려 가격이 하향된것 같아요. 약국버전이랑 다른건지 모르지만 소비자입장에선  좋습니다^^<br><br>과자 대신 주면 좋을것 같았는데 지용성비타민이라 용량 조절을 잘 해야겠어요. 어린이집이나 유치원갈때 구디백까진 아녀도 친구들이랑 나눠먹기 좋을 것 같아요~ 조카나 지인자녀들 선물로도 좋고요~가격대 부담스럽지 않아 딱 좋아요^^<br><br>다가오는 빼빼로데이날 빼빼로하나에 요걸 준비해서 주면 좋을것 같단 생각도 들어요~<br><br>오랫만에 다시만나지 못할 90년대 정취도 느껴보고 뭔가 그 시절로 잠깐 돌아간 것 같고 그때의 우리도 잠깐 떠오르면서 지금 딸아이 나이대와 같았던 나의 모습도 지나가네요. 그러면서 드는 생각이 당시에 어른들이 바라봤던 난 해맑고 순수한 티없이 맑은 여느 소녀와 다를것 없었겠구나 지금 내가 어린친구들을 바라보고 있는 시선과 같겠구나라는 생각이 드네요~~전 그때의 어른들처럼 성숙함은 없는것같아요^^; 텐텐 덕에 기분이 좋으면서도 묘한 감정이드는 하루였습니다. 딸아이와 맛나게 잘 먹었습니다. 건강하세요!!</span></div></div><div class="sdp-review__article__list__survey"><div class="sdp-review__article__list__survey__row"><span class="sdp-review__article__list__survey__row__question">유통기한</span><span class="sdp-review__article__list__survey__row__answer">아주 넉넉해요</span></div><div class="sdp-review__article__list__survey__row"><span class="sdp-review__article__list__survey__row__question">효능</span><span class="sdp-review__article__list__survey__row__answer">아주만족해요</span></div><div class="sdp-review__article__list__survey__row"><span class="sdp-review__article__list__survey__row__question">성분 만족도</span><span class="sdp-review__article__list__survey__row__answer">아주 만족해요</span></div><div class="sdp-review__article__list__survey__row"><span class="sdp-review__article__list__survey__row__question">함량</span><span class="sdp-review__article__list__survey__row__answer">1일 권장량 정도예요</span></div></div><div class="sdp-review__article__list__help js_reviewArticleHelpfulContainer twc-text-[12px]" data-review-id="652672319" data-count="40"><div class="sdp-review__article__list__help__count"><strong>40</strong> 명에게 도움 됨</div><div class="twc-inline-block"><button class="sdp-review__article__list__help__btn js_reviewArticleHelpBtn">도움이 돼요</button><button class="sdp-review__article__list__help__btn js_reviewArticleNoHelpBtn">도움 안 돼요</button></div><button class="sdp-review__article__list__help__report-btn js_reviewArticleReviewReportBtn" data-review-id="652672319">신고하기</button><div class="sdp-review__clear"></div></div></article><article class="sdp-review__article__list js_reviewArticleReviewList"><div class="sdp-review__article__list__info"><div class="sdp-review__article__list__info__profile"><img class="js_reviewArticleCrop js_reviewUserProfileImage" alt="" data-member-id="124120074" loading="lazy" src="//thumbnail10.coupangcdn.com/thumbnails/local/320/image2/PRODUCTREVIEW/202301/23/118827022529377967/e56b088c-41a2-4a06-861c-24932c182c54.jpg"></div><div class="sdp-review__article__list__info__user"><span class="sdp-review__article__list__info__user__name js_reviewUserProfileImage" data-member-id="124120074">이*구&nbsp;</span></div><div class="sdp-review__article__list__info__product-info"><div class="sdp-review__article__list__info__product-info__star-gray"><div class="sdp-review__article__list__info__product-info__star-orange twc-w-full" data-rating="5"></div></div><div class="sdp-review__article__list__info__product-info__reg-date">2024.08.20</div></div><div class="sdp-review__article__list__info__product-info__seller_name">판매자: 조은메디팜</div><div class="sdp-review__article__list__info__product-info__name">텐텐 영양제 추억의 텐텐 1박스(8봉지), 320g, 1개</div></div><div class="sdp-review__article__list__attachment js_reviewArticleListGalleryContainer"><div class="sdp-review__article__list__attachment__list"><img class="sdp-review__article__list__attachment__img js_reviewArticleListImage js_reviewArticleCrop" data-has-caption="false" alt="" data-video-size="0" data-thumbnail-path="https://thumbnail9.coupangcdn.com/thumbnails/local/320/image2/PRODUCTREVIEW/202408/20/118827022529377967/196bb3c6-679a-43d7-8635-8a038c662f9f.jpg" data-origin-path="https://thumbnail9.coupangcdn.com/thumbnails/local/q-1/image2/PRODUCTREVIEW/202408/20/118827022529377967/196bb3c6-679a-43d7-8635-8a038c662f9f.jpg" data-num="0" loading="lazy" src="https://thumbnail9.coupangcdn.com/thumbnails/local/320/image2/PRODUCTREVIEW/202408/20/118827022529377967/196bb3c6-679a-43d7-8635-8a038c662f9f.jpg"></div><div class="sdp-review__article__list__attachment__list"><img class="sdp-review__article__list__attachment__img js_reviewArticleListImage js_reviewArticleCrop" data-has-caption="false" alt="" data-video-size="0" data-thumbnail-path="https://thumbnail6.coupangcdn.com/thumbnails/local/320/image2/PRODUCTREVIEW/202408/20/118827022529377967/a163af36-99b8-4fef-968c-768d016ebbaf.jpg" data-origin-path="https://thumbnail6.coupangcdn.com/thumbnails/local/q-1/image2/PRODUCTREVIEW/202408/20/118827022529377967/a163af36-99b8-4fef-968c-768d016ebbaf.jpg" data-num="1" loading="lazy" src="https://thumbnail6.coupangcdn.com/thumbnails/local/320/image2/PRODUCTREVIEW/202408/20/118827022529377967/a163af36-99b8-4fef-968c-768d016ebbaf.jpg"></div><div class="sdp-review__article__list__attachment__list"><img class="sdp-review__article__list__attachment__img js_reviewArticleListImage js_reviewArticleCrop" data-has-caption="false" alt="" data-video-size="0" data-thumbnail-path="https://thumbnail8.coupangcdn.com/thumbnails/local/320/image2/PRODUCTREVIEW/202408/20/118827022529377967/b189580a-43a5-4aaf-a26e-d6bf9c2f31b4.jpg" data-origin-path="https://thumbnail8.coupangcdn.com/thumbnails/local/q-1/image2/PRODUCTREVIEW/202408/20/118827022529377967/b189580a-43a5-4aaf-a26e-d6bf9c2f31b4.jpg" data-num="2" loading="lazy" src="https://thumbnail8.coupangcdn.com/thumbnails/local/320/image2/PRODUCTREVIEW/202408/20/118827022529377967/b189580a-43a5-4aaf-a26e-d6bf9c2f31b4.jpg"></div><div class="sdp-review__article__list__attachment__list"><img class="sdp-review__article__list__attachment__img js_reviewArticleListImage js_reviewArticleCrop" data-has-caption="false" alt="" data-video-size="0" data-thumbnail-path="https://thumbnail8.coupangcdn.com/thumbnails/local/320/image2/PRODUCTREVIEW/202408/20/118827022529377967/07b5653d-c877-4aae-8547-a729fe043761.jpg" data-origin-path="https://thumbnail8.coupangcdn.com/thumbnails/local/q-1/image2/PRODUCTREVIEW/202408/20/118827022529377967/07b5653d-c877-4aae-8547-a729fe043761.jpg" data-num="3" loading="lazy" src="https://thumbnail8.coupangcdn.com/thumbnails/local/320/image2/PRODUCTREVIEW/202408/20/118827022529377967/07b5653d-c877-4aae-8547-a729fe043761.jpg"></div><div class="sdp-review__article__list__attachment__list"><img class="sdp-review__article__list__attachment__img js_reviewArticleListImage js_reviewArticleCrop" data-has-caption="false" alt="" data-video-size="0" data-thumbnail-path="https://thumbnail9.coupangcdn.com/thumbnails/local/320/image2/PRODUCTREVIEW/202408/20/118827022529377967/34203482-4f48-4cca-bbf4-bbb2cc145583.jpg" data-origin-path="https://thumbnail9.coupangcdn.com/thumbnails/local/q-1/image2/PRODUCTREVIEW/202408/20/118827022529377967/34203482-4f48-4cca-bbf4-bbb2cc145583.jpg" data-num="4" loading="lazy" src="https://thumbnail9.coupangcdn.com/thumbnails/local/320/image2/PRODUCTREVIEW/202408/20/118827022529377967/34203482-4f48-4cca-bbf4-bbb2cc145583.jpg"></div><div class="sdp-review__article__list__attachment__list"><img class="sdp-review__article__list__attachment__img js_reviewArticleListImage js_reviewArticleCrop" data-has-caption="false" alt="" data-video-size="0" data-thumbnail-path="https://thumbnail6.coupangcdn.com/thumbnails/local/320/image2/PRODUCTREVIEW/202408/20/118827022529377967/28047d98-5f0d-42f4-88fc-9be1b3f7ddad.jpg" data-origin-path="https://thumbnail6.coupangcdn.com/thumbnails/local/q-1/image2/PRODUCTREVIEW/202408/20/118827022529377967/28047d98-5f0d-42f4-88fc-9be1b3f7ddad.jpg" data-num="5" loading="lazy" src="https://thumbnail6.coupangcdn.com/thumbnails/local/320/image2/PRODUCTREVIEW/202408/20/118827022529377967/28047d98-5f0d-42f4-88fc-9be1b3f7ddad.jpg"></div><div class="sdp-review__article__list__attachment__list"><img class="sdp-review__article__list__attachment__img js_reviewArticleListImage js_reviewArticleCrop" data-has-caption="false" alt="" data-video-size="0" data-thumbnail-path="https://thumbnail7.coupangcdn.com/thumbnails/local/320/image2/PRODUCTREVIEW/202408/20/118827022529377967/557c575a-5eaf-42f1-979c-aeae9ca551f3.jpg" data-origin-path="https://thumbnail7.coupangcdn.com/thumbnails/local/q-1/image2/PRODUCTREVIEW/202408/20/118827022529377967/557c575a-5eaf-42f1-979c-aeae9ca551f3.jpg" data-num="6" loading="lazy" src="https://thumbnail7.coupangcdn.com/thumbnails/local/320/image2/PRODUCTREVIEW/202408/20/118827022529377967/557c575a-5eaf-42f1-979c-aeae9ca551f3.jpg"></div><div class="sdp-review__article__list__attachment__list"><img class="sdp-review__article__list__attachment__img js_reviewArticleListImage js_reviewArticleCrop" data-has-caption="false" alt="" data-video-size="0" data-thumbnail-path="https://thumbnail7.coupangcdn.com/thumbnails/local/320/image2/PRODUCTREVIEW/202408/20/118827022529377967/1e5297a4-66aa-4f48-9c83-617bed34600f.jpg" data-origin-path="https://thumbnail7.coupangcdn.com/thumbnails/local/q-1/image2/PRODUCTREVIEW/202408/20/118827022529377967/1e5297a4-66aa-4f48-9c83-617bed34600f.jpg" data-num="7" loading="lazy" src="https://thumbnail7.coupangcdn.com/thumbnails/local/320/image2/PRODUCTREVIEW/202408/20/118827022529377967/1e5297a4-66aa-4f48-9c83-617bed34600f.jpg"></div><div class="sdp-review__article__list__attachment__list"><img class="sdp-review__article__list__attachment__img js_reviewArticleListImage js_reviewArticleCrop" data-has-caption="false" alt="" data-video-size="0" data-thumbnail-path="https://thumbnail7.coupangcdn.com/thumbnails/local/320/image2/PRODUCTREVIEW/202408/20/118827022529377967/3665ee2f-6ef6-422e-b4bd-ea0355589116.jpg" data-origin-path="https://thumbnail7.coupangcdn.com/thumbnails/local/q-1/image2/PRODUCTREVIEW/202408/20/118827022529377967/3665ee2f-6ef6-422e-b4bd-ea0355589116.jpg" data-num="8" loading="lazy" src="https://thumbnail7.coupangcdn.com/thumbnails/local/320/image2/PRODUCTREVIEW/202408/20/118827022529377967/3665ee2f-6ef6-422e-b4bd-ea0355589116.jpg"></div><div class="sdp-review__article__list__attachment__list"><img class="sdp-review__article__list__attachment__img js_reviewArticleListImage js_reviewArticleCrop" data-has-caption="false" alt="" data-video-size="0" data-thumbnail-path="https://thumbnail9.coupangcdn.com/thumbnails/local/320/image2/PRODUCTREVIEW/202408/20/118827022529377967/3700941f-7a9e-4acc-93dd-b59d9eed7db1.jpg" data-origin-path="https://thumbnail9.coupangcdn.com/thumbnails/local/q-1/image2/PRODUCTREVIEW/202408/20/118827022529377967/3700941f-7a9e-4acc-93dd-b59d9eed7db1.jpg" data-num="9" loading="lazy" src="https://thumbnail9.coupangcdn.com/thumbnails/local/320/image2/PRODUCTREVIEW/202408/20/118827022529377967/3700941f-7a9e-4acc-93dd-b59d9eed7db1.jpg"></div></div><div class="sdp-review__article__list__headline">우리 아이 영양 만점 텐텐 츄어블 하나로 간식 끝</div><div class="sdp-review__article__list__review js_reviewArticleContentContainer"><div class="sdp-review__article__list__review__content js_reviewArticleContent"><span class="twc-bg-white" translate="no">저희 집 아이는 젤리나 사탕보다 요 추억의 텐텐을 엄청 좋아해요.<br>그래서 항상 떨어지지 않게 구비해두는 편인데 약국이나 온라인을 비교해보니 쿠팡이 가장 저렴하더라고요~<br>로켓 와우로 배송비 절약하는 부분이 한 몫해 확실히 가성비 대비 괜찮은 걸로 확인했어요.<br>약국에서 판매하는 텐텐과는 달리 추억의 텐텐은 온라인으로 구매가 가능한 제품이랍니다.<br><br>약국 텐텐과 비교하면 영양 성분은 조금 다르지만 아이가 먹어보고 나서는 맛은 똑같다고 하네요!<br>저도 하나 먹어봤는데 남녀노소 아이 어른할 것 없이 누구나 좋아하는 새콤달콤한 맛이 가득한 딸기맛이에요.<br>하루가 다르게 쑥쑥 커가는 우리 아이를 위해 비타민과 미네랄이 가득 함유되어 1일 1텐텐하고 있는 중이네요.<br>HACCP 식품 안전 관리 인증으로 안전하고 깨끗한 제품을 만들기 때문에 위생적이라 믿고 안심하고 줄 수 있었어요.<br><br>개별 포장이 되어 있어 언제 어디서든 간편하게 챙겨서 영양 간식으로 챙겨주면 되니까 딱이네요.<br>츄정 타입으로 입 안에서 녹이거나 씹어서 섭취 가능하고 쉽게 비타민을 보충할 수 있어 만족 그 자체였어요.<br>한 박스에 8봉지, 1봉지에 10개씩, 총 80개 구성이라 넉넉하게 오래 먹을 수 있다는 장점이 있어요 :)<br>저희 집 아이는 5살이기 때문에 하루 권장 섭취량이 최대 2정이고 웬만하면 1정만 주고 있답니다.<br><br>봉지마다 지퍼백으로 되어 있어 개봉 및 보관이 편리하여 벌레가 꼬일 걱정이 없네요.<br>아침에 유치원 가기 싫어할 때 하나씩 챙겨주면 아이가 기분좋게 등원을 해서 저희 집 필수 육아템이에요.<br>가끔 당 당길 때 어른들도 먹으면 좋아서 저도 아이 몰래 챙겨먹고 있어요.<br>우리 아이 성장 발육을 위한 영양 츄정을 찾는다면 추억의 텐텐으로 선택하세요❤️</span></div></div><div class="sdp-review__article__list__survey"><div class="sdp-review__article__list__survey__row"><span class="sdp-review__article__list__survey__row__question">맛 만족도</span><span class="sdp-review__article__list__survey__row__answer">맛있어요</span></div></div><div class="sdp-review__article__list__help js_reviewArticleHelpfulContainer twc-text-[12px]" data-review-id="626247621" data-count="23"><div class="sdp-review__article__list__help__count"><strong>23</strong> 명에게 도움 됨</div><div class="twc-inline-block"><button class="sdp-review__article__list__help__btn js_reviewArticleHelpBtn">도움이 돼요</button><button class="sdp-review__article__list__help__btn js_reviewArticleNoHelpBtn">도움 안 돼요</button></div><button class="sdp-review__article__list__help__report-btn js_reviewArticleReviewReportBtn" data-review-id="626247621">신고하기</button><div class="sdp-review__clear"></div></div></article><article class="sdp-review__article__list js_reviewArticleReviewList"><div class="sdp-review__article__list__info"><div class="sdp-review__article__list__info__profile"><img class="js_reviewArticleCrop js_reviewUserProfileImage" alt="" data-member-id="151333269" loading="lazy" src="//thumbnail9.coupangcdn.com/thumbnails/local/320/image2/PRODUCTREVIEW/202402/17/4088809208214574685/28021c55-e7f1-4123-ab6c-217e9cba8fb2.jpg"></div><div class="sdp-review__article__list__info__user"><span class="sdp-review__article__list__info__user__name js_reviewUserProfileImage" data-member-id="151333269">지붕위냐홍&nbsp;</span></div><div class="sdp-review__article__list__info__product-info"><div class="sdp-review__article__list__info__product-info__star-gray"><div class="sdp-review__article__list__info__product-info__star-orange twc-w-full" data-rating="5"></div></div><div class="sdp-review__article__list__info__product-info__reg-date">2024.07.01</div></div><div class="sdp-review__article__list__info__product-info__seller_name">판매자: 조은메디팜</div><div class="sdp-review__article__list__info__product-info__name">텐텐 영양제 추억의 텐텐 1박스(8봉지), 320g, 1개</div></div><div class="sdp-review__article__list__attachment js_reviewArticleListGalleryContainer"><div class="sdp-review__article__list__attachment__list"><img class="sdp-review__article__list__attachment__img js_reviewArticleCrop" loading="lazy" alt="" src="https://video.coupangcdn.com/cloud/PRODUCTREVIEW/202407/1/4088809208214574685/f3395ebf-7f06-45d1-8ff6-89e5635d5f2d/transcode/thumbnail-00001.png"><div class="sdp-review__article__list__attachment__list__video js_reviewArticleListImage" data-thumbnail-path="https://video.coupangcdn.com/cloud/PRODUCTREVIEW/202407/1/4088809208214574685/f3395ebf-7f06-45d1-8ff6-89e5635d5f2d/transcode/thumbnail-00001.png" data-video-path="https://video.coupangcdn.com/cloud/PRODUCTREVIEW/202407/1/4088809208214574685/f3395ebf-7f06-45d1-8ff6-89e5635d5f2d/transcode/index.m3u8" data-num="0"><div class="sdp-review__article__list__attachment__list__video__btn"></div><div class="sdp-review__article__list__attachment__list__video__duration">0:14</div></div></div><div class="sdp-review__article__list__attachment__list"><img class="sdp-review__article__list__attachment__img js_reviewArticleListImage js_reviewArticleCrop" data-has-caption="false" data-caption="" alt="" data-video-size="1" data-thumbnail-path="https://thumbnail7.coupangcdn.com/thumbnails/local/320/image2/PRODUCTREVIEW/202407/1/4088809208214574685/6285d1e3-185f-41c4-8833-4db1b9a48705.jpg" data-origin-path="https://thumbnail7.coupangcdn.com/thumbnails/local/q-1/image2/PRODUCTREVIEW/202407/1/4088809208214574685/6285d1e3-185f-41c4-8833-4db1b9a48705.jpg" data-num="0" loading="lazy" src="https://thumbnail7.coupangcdn.com/thumbnails/local/320/image2/PRODUCTREVIEW/202407/1/4088809208214574685/6285d1e3-185f-41c4-8833-4db1b9a48705.jpg"></div><div class="sdp-review__article__list__attachment__list"><img class="sdp-review__article__list__attachment__img js_reviewArticleListImage js_reviewArticleCrop" data-has-caption="false" data-caption="" alt="" data-video-size="1" data-thumbnail-path="https://thumbnail8.coupangcdn.com/thumbnails/local/320/image2/PRODUCTREVIEW/202407/1/4088809208214574685/bbbce1ed-6e57-437f-95d8-8f139ab090c7.jpg" data-origin-path="https://thumbnail8.coupangcdn.com/thumbnails/local/q-1/image2/PRODUCTREVIEW/202407/1/4088809208214574685/bbbce1ed-6e57-437f-95d8-8f139ab090c7.jpg" data-num="1" loading="lazy" src="https://thumbnail8.coupangcdn.com/thumbnails/local/320/image2/PRODUCTREVIEW/202407/1/4088809208214574685/bbbce1ed-6e57-437f-95d8-8f139ab090c7.jpg"></div><div class="sdp-review__article__list__attachment__list"><img class="sdp-review__article__list__attachment__img js_reviewArticleListImage js_reviewArticleCrop" data-has-caption="false" data-caption="" alt="" data-video-size="1" data-thumbnail-path="https://thumbnail8.coupangcdn.com/thumbnails/local/320/image2/PRODUCTREVIEW/202407/1/4088809208214574685/9b086b71-02f1-4d4a-b57c-ac78fc549829.jpg" data-origin-path="https://thumbnail8.coupangcdn.com/thumbnails/local/q-1/image2/PRODUCTREVIEW/202407/1/4088809208214574685/9b086b71-02f1-4d4a-b57c-ac78fc549829.jpg" data-num="2" loading="lazy" src="https://thumbnail8.coupangcdn.com/thumbnails/local/320/image2/PRODUCTREVIEW/202407/1/4088809208214574685/9b086b71-02f1-4d4a-b57c-ac78fc549829.jpg"></div><div class="sdp-review__article__list__attachment__list"><img class="sdp-review__article__list__attachment__img js_reviewArticleListImage js_reviewArticleCrop" data-has-caption="false" data-caption="" alt="" data-video-size="1" data-thumbnail-path="https://thumbnail6.coupangcdn.com/thumbnails/local/320/image2/PRODUCTREVIEW/202407/1/4088809208214574685/527e5235-7d27-4770-817e-a063a58010d0.jpg" data-origin-path="https://thumbnail6.coupangcdn.com/thumbnails/local/q-1/image2/PRODUCTREVIEW/202407/1/4088809208214574685/527e5235-7d27-4770-817e-a063a58010d0.jpg" data-num="3" loading="lazy" src="https://thumbnail6.coupangcdn.com/thumbnails/local/320/image2/PRODUCTREVIEW/202407/1/4088809208214574685/527e5235-7d27-4770-817e-a063a58010d0.jpg"></div><div class="sdp-review__article__list__attachment__list"><img class="sdp-review__article__list__attachment__img js_reviewArticleListImage js_reviewArticleCrop" data-has-caption="false" data-caption="" alt="" data-video-size="1" data-thumbnail-path="https://thumbnail9.coupangcdn.com/thumbnails/local/320/image2/PRODUCTREVIEW/202407/1/4088809208214574685/2612bbbd-7e87-44b7-b240-5e0431ec3f59.jpg" data-origin-path="https://thumbnail9.coupangcdn.com/thumbnails/local/q-1/image2/PRODUCTREVIEW/202407/1/4088809208214574685/2612bbbd-7e87-44b7-b240-5e0431ec3f59.jpg" data-num="4" loading="lazy" src="https://thumbnail9.coupangcdn.com/thumbnails/local/320/image2/PRODUCTREVIEW/202407/1/4088809208214574685/2612bbbd-7e87-44b7-b240-5e0431ec3f59.jpg"></div><div class="sdp-review__article__list__attachment__list"><img class="sdp-review__article__list__attachment__img js_reviewArticleListImage js_reviewArticleCrop" data-has-caption="false" data-caption="" alt="" data-video-size="1" data-thumbnail-path="https://thumbnail10.coupangcdn.com/thumbnails/local/320/image2/PRODUCTREVIEW/202407/1/4088809208214574685/1f3fcdb7-e33e-412e-b554-cbdef274ab68.jpg" data-origin-path="https://thumbnail10.coupangcdn.com/thumbnails/local/q-1/image2/PRODUCTREVIEW/202407/1/4088809208214574685/1f3fcdb7-e33e-412e-b554-cbdef274ab68.jpg" data-num="5" loading="lazy" src="https://thumbnail10.coupangcdn.com/thumbnails/local/320/image2/PRODUCTREVIEW/202407/1/4088809208214574685/1f3fcdb7-e33e-412e-b554-cbdef274ab68.jpg"></div><div class="sdp-review__article__list__attachment__list"><img class="sdp-review__article__list__attachment__img js_reviewArticleListImage js_reviewArticleCrop" data-has-caption="false" data-caption="" alt="" data-video-size="1" data-thumbnail-path="https://thumbnail6.coupangcdn.com/thumbnails/local/320/image2/PRODUCTREVIEW/202407/1/4088809208214574685/642b4a6c-85d4-41f5-8078-a57fd5d0a7dd.jpg" data-origin-path="https://thumbnail6.coupangcdn.com/thumbnails/local/q-1/image2/PRODUCTREVIEW/202407/1/4088809208214574685/642b4a6c-85d4-41f5-8078-a57fd5d0a7dd.jpg" data-num="6" loading="lazy" src="https://thumbnail6.coupangcdn.com/thumbnails/local/320/image2/PRODUCTREVIEW/202407/1/4088809208214574685/642b4a6c-85d4-41f5-8078-a57fd5d0a7dd.jpg"></div><div class="sdp-review__article__list__attachment__list"><img class="sdp-review__article__list__attachment__img js_reviewArticleListImage js_reviewArticleCrop" data-has-caption="false" data-caption="" alt="" data-video-size="1" data-thumbnail-path="https://thumbnail6.coupangcdn.com/thumbnails/local/320/image2/PRODUCTREVIEW/202407/1/4088809208214574685/db5c5fc7-bb21-429e-835a-32e5e86b57ea.jpg" data-origin-path="https://thumbnail6.coupangcdn.com/thumbnails/local/q-1/image2/PRODUCTREVIEW/202407/1/4088809208214574685/db5c5fc7-bb21-429e-835a-32e5e86b57ea.jpg" data-num="7" loading="lazy" src="https://thumbnail6.coupangcdn.com/thumbnails/local/320/image2/PRODUCTREVIEW/202407/1/4088809208214574685/db5c5fc7-bb21-429e-835a-32e5e86b57ea.jpg"></div><div class="sdp-review__article__list__attachment__list"><img class="sdp-review__article__list__attachment__img js_reviewArticleListImage js_reviewArticleCrop" data-has-caption="false" data-caption="" alt="" data-video-size="1" data-thumbnail-path="https://thumbnail8.coupangcdn.com/thumbnails/local/320/image2/PRODUCTREVIEW/202407/1/4088809208214574685/73318e76-d21f-46fd-96ab-ef3608910f06.jpg" data-origin-path="https://thumbnail8.coupangcdn.com/thumbnails/local/q-1/image2/PRODUCTREVIEW/202407/1/4088809208214574685/73318e76-d21f-46fd-96ab-ef3608910f06.jpg" data-num="8" loading="lazy" src="https://thumbnail8.coupangcdn.com/thumbnails/local/320/image2/PRODUCTREVIEW/202407/1/4088809208214574685/73318e76-d21f-46fd-96ab-ef3608910f06.jpg"></div><div class="sdp-review__article__list__attachment__list"><img class="sdp-review__article__list__attachment__img js_reviewArticleListImage js_reviewArticleCrop" data-has-caption="false" data-caption="" alt="" data-video-size="1" data-thumbnail-path="https://thumbnail7.coupangcdn.com/thumbnails/local/320/image2/PRODUCTREVIEW/202407/1/4088809208214574685/c4d6b2b7-ead0-434a-894c-fe47deb1ba87.jpg" data-origin-path="https://thumbnail7.coupangcdn.com/thumbnails/local/q-1/image2/PRODUCTREVIEW/202407/1/4088809208214574685/c4d6b2b7-ead0-434a-894c-fe47deb1ba87.jpg" data-num="9" loading="lazy" src="https://thumbnail7.coupangcdn.com/thumbnails/local/320/image2/PRODUCTREVIEW/202407/1/4088809208214574685/c4d6b2b7-ead0-434a-894c-fe47deb1ba87.jpg"></div></div><div class="sdp-review__article__list__headline">기존의 텐텐과 맛이 달라요</div><div class="sdp-review__article__list__review js_reviewArticleContentContainer"><div class="sdp-review__article__list__review__content js_reviewArticleContent"><span class="twc-bg-white" translate="no">⚠️이 제품은 내돈내산으로 구입하여 리뷰를 작성하였습니다✍️‍‍⚠️ <br><br>⚖️구매이유〽️<br> 아이가 텐텐을 좋아해서 먹이슨데 약국에 안팔길래 주문했어요<br><br><br><br>✔️ 주문날짜 <br><br>✔️ 배송날짜 <br><br>✔️ 포장날짜 <br><br>✔️ 유통기한 2025.07.21<br><br><br><br>✨️✨️✨️✨️✨️✨️✨️✨️✨️✨️✨️✨️✨️✨️✨️✨️✨️✨️✨️✨️✨️✨️✨️✨️✨️✨️✨️✨️✨️✨️✨️✨️✨️✨️<br>안녕하세요 지붕위냐홍입니다.<br>적은생활비로 먹는거 입는거 맘에 들때 장바구니에 넣어두고 고민고민하고 이것저것 따져보다 맘먹고 결정했을때 구입합니다. 알뜰살뜰 필요한것만 구매하려고 노력해요.<br>항상 솔직하고 정성스러운 마음으로 후기를 작성하고 있습니다.<br>우리 모두 솔직한 후기를 남기고 현명한 소비를 합시다.<br>✨️✨️✨️✨️✨️✨️✨️✨️✨️✨️✨️✨️✨️✨️✨️✨️✨️✨️✨️✨️✨️✨️✨️✨️✨️✨️✨️✨️✨️✨️✨️✨️✨️✨️ <br><br>⭕️ 원래 항상 약국에서 텐텐 통을 사서 먹였는데<br><br>⭕️ 요즘 안팔더라고요 문의를 해보니 주문을 넣는데도  안나온다고 하더라구요<br><br>⭕️ 본래통은 한미약품(주)인데 추억의 텐텐은 한미사이언스에서 나오더라구요(사진첨부)<br><br>⭕️ 다른곳인지 성분도 조금다르고 맛도 다릅니다<br><br>⭕️ 왜ㅠ기존의 텐텐이 안나오는걸까요ㅠ또르륵<br><br>⭕️ 그나마 추억의텐텐으로 먹이긴할텐데 본래의 텐텐이 나오기를 바랍니다<br><br>⭕️  날씨가 더워지니 냉장고에 넣어놓고 먹어야겠어요 동영사에서 보시다시피 완전 녹았네요<br><br><br><br>☘️ 해당 제품에 리뷰는 지극히 개인적인 의견이니 참고만 하시고 현명한 소비 하시길 바랍니다. ☘️ <br><br>✨️ 늘 하시는 일 평소 바라시는 일&nbsp; 잘 풀리시고 모두 부자되세요 ✨️ <br><br>✡️ 저의 리뷰가 상품구매에 도움이 되셨다며 ✔️도움이되요✔️버튼&nbsp;&nbsp;&nbsp;&nbsp;&nbsp;&nbsp;&nbsp;&nbsp; 꾹 눌러주세요<br>&nbsp;&nbsp;&nbsp;&nbsp;&nbsp;&nbsp; 여러분의 버튼한번이 저에게는 매우 큰힘이 됩니다.<br>&nbsp;&nbsp;&nbsp;&nbsp;&nbsp;&nbsp; 읽어주셔서 감사합니다. ✡️ <br><br>⬇️&nbsp; 사용후기 추가</span></div></div><div class="sdp-review__article__list__survey"><div class="sdp-review__article__list__survey__row"><span class="sdp-review__article__list__survey__row__question">맛 만족도</span><span class="sdp-review__article__list__survey__row__answer">맛있어요</span></div></div><div class="sdp-review__article__list__help js_reviewArticleHelpfulContainer twc-text-[12px]" data-review-id="613710140" data-count="19"><div class="sdp-review__article__list__help__count"><strong>19</strong> 명에게 도움 됨</div><div class="twc-inline-block"><button class="sdp-review__article__list__help__btn js_reviewArticleHelpBtn">도움이 돼요</button><button class="sdp-review__article__list__help__btn js_reviewArticleNoHelpBtn">도움 안 돼요</button></div><button class="sdp-review__article__list__help__report-btn js_reviewArticleReviewReportBtn" data-review-id="613710140">신고하기</button><div class="sdp-review__clear"></div></div></article><article class="sdp-review__article__list js_reviewArticleReviewList"><div class="sdp-review__article__list__info"><div class="sdp-review__article__list__info__profile"><img class="js_reviewArticleCrop js_reviewUserProfileImage" alt="" data-member-id="2440124" loading="lazy" src="//thumbnail9.coupangcdn.com/thumbnails/local/320/image2/PRODUCTREVIEW/202504/20/2524242180287524468/3faddbc4-178e-4940-aa61-66fbb4f17cca.jpg"></div><div class="sdp-review__article__list__info__user"><span class="sdp-review__article__list__info__user__name js_reviewUserProfileImage" data-member-id="2440124">구혜진&nbsp;</span><img class="sdp-review__article__list__info__top-badge js_reviewArticleTopReviewBtn" alt="" loading="lazy" src="//img1a.coupangcdn.com/image/productreview/web/pdp/badges/REAL_NAME_REVIEWER_v1.png"></div><div class="sdp-review__article__list__info__product-info"><div class="sdp-review__article__list__info__product-info__star-gray"><div class="sdp-review__article__list__info__product-info__star-orange twc-w-full" data-rating="5"></div></div><div class="sdp-review__article__list__info__product-info__reg-date">2024.03.25</div></div><div class="sdp-review__article__list__info__product-info__seller_name">판매자: 건식넘버원</div><div class="sdp-review__article__list__info__product-info__name">추억의 텐텐 영양제 츄정 딸기맛 카라멜 1박스 80정 한미 성장기 어린이 영양제 텐텐 멀티비타민 종합비타민 츄정, 320g, 2개</div></div><div class="sdp-review__article__list__attachment js_reviewArticleListGalleryContainer"><div class="sdp-review__article__list__attachment__list"><img class="sdp-review__article__list__attachment__img js_reviewArticleListImage js_reviewArticleCrop" data-has-caption="false" data-caption="" alt="" data-video-size="0" data-thumbnail-path="https://thumbnail9.coupangcdn.com/thumbnails/local/320/image2/PRODUCTREVIEW/202403/25/2524242180287524468/5149a8df-4cd2-465a-9d37-78672a55974d.jpg" data-origin-path="https://thumbnail9.coupangcdn.com/thumbnails/local/q-1/image2/PRODUCTREVIEW/202403/25/2524242180287524468/5149a8df-4cd2-465a-9d37-78672a55974d.jpg" data-num="0" loading="lazy" src="https://thumbnail9.coupangcdn.com/thumbnails/local/320/image2/PRODUCTREVIEW/202403/25/2524242180287524468/5149a8df-4cd2-465a-9d37-78672a55974d.jpg"></div><div class="sdp-review__article__list__attachment__list"><img class="sdp-review__article__list__attachment__img js_reviewArticleListImage js_reviewArticleCrop" data-has-caption="false" data-caption="" alt="" data-video-size="0" data-thumbnail-path="https://thumbnail6.coupangcdn.com/thumbnails/local/320/image2/PRODUCTREVIEW/202403/25/2524242180287524468/c8eb0f96-fbd7-4ba6-bde5-3c1308c80189.jpg" data-origin-path="https://thumbnail6.coupangcdn.com/thumbnails/local/q-1/image2/PRODUCTREVIEW/202403/25/2524242180287524468/c8eb0f96-fbd7-4ba6-bde5-3c1308c80189.jpg" data-num="1" loading="lazy" src="https://thumbnail6.coupangcdn.com/thumbnails/local/320/image2/PRODUCTREVIEW/202403/25/2524242180287524468/c8eb0f96-fbd7-4ba6-bde5-3c1308c80189.jpg"></div><div class="sdp-review__article__list__attachment__list"><img class="sdp-review__article__list__attachment__img js_reviewArticleListImage js_reviewArticleCrop" data-has-caption="false" data-caption="" alt="" data-video-size="0" data-thumbnail-path="https://thumbnail9.coupangcdn.com/thumbnails/local/320/image2/PRODUCTREVIEW/202403/25/2524242180287524468/f44205cb-f950-4cec-b97e-9e45cf5de811.jpg" data-origin-path="https://thumbnail9.coupangcdn.com/thumbnails/local/q-1/image2/PRODUCTREVIEW/202403/25/2524242180287524468/f44205cb-f950-4cec-b97e-9e45cf5de811.jpg" data-num="2" loading="lazy" src="https://thumbnail9.coupangcdn.com/thumbnails/local/320/image2/PRODUCTREVIEW/202403/25/2524242180287524468/f44205cb-f950-4cec-b97e-9e45cf5de811.jpg"></div><div class="sdp-review__article__list__attachment__list"><img class="sdp-review__article__list__attachment__img js_reviewArticleListImage js_reviewArticleCrop" data-has-caption="false" data-caption="" alt="" data-video-size="0" data-thumbnail-path="https://thumbnail6.coupangcdn.com/thumbnails/local/320/image2/PRODUCTREVIEW/202403/25/2524242180287524468/5a099af8-6451-4711-a305-579e678018cc.jpg" data-origin-path="https://thumbnail6.coupangcdn.com/thumbnails/local/q-1/image2/PRODUCTREVIEW/202403/25/2524242180287524468/5a099af8-6451-4711-a305-579e678018cc.jpg" data-num="3" loading="lazy" src="https://thumbnail6.coupangcdn.com/thumbnails/local/320/image2/PRODUCTREVIEW/202403/25/2524242180287524468/5a099af8-6451-4711-a305-579e678018cc.jpg"></div><div class="sdp-review__article__list__attachment__list"><img class="sdp-review__article__list__attachment__img js_reviewArticleListImage js_reviewArticleCrop" data-has-caption="false" data-caption="" alt="" data-video-size="0" data-thumbnail-path="https://thumbnail6.coupangcdn.com/thumbnails/local/320/image2/PRODUCTREVIEW/202403/25/2524242180287524468/892980f3-f737-4585-be2d-08a95f10b0ad.jpg" data-origin-path="https://thumbnail6.coupangcdn.com/thumbnails/local/q-1/image2/PRODUCTREVIEW/202403/25/2524242180287524468/892980f3-f737-4585-be2d-08a95f10b0ad.jpg" data-num="4" loading="lazy" src="https://thumbnail6.coupangcdn.com/thumbnails/local/320/image2/PRODUCTREVIEW/202403/25/2524242180287524468/892980f3-f737-4585-be2d-08a95f10b0ad.jpg"></div><div class="sdp-review__article__list__attachment__list"><img class="sdp-review__article__list__attachment__img js_reviewArticleListImage js_reviewArticleCrop" data-has-caption="false" data-caption="" alt="" data-video-size="0" data-thumbnail-path="https://thumbnail8.coupangcdn.com/thumbnails/local/320/image2/PRODUCTREVIEW/202403/25/2524242180287524468/cf1ff1a7-58e9-4a0c-b6c0-e3cd7777e604.jpg" data-origin-path="https://thumbnail8.coupangcdn.com/thumbnails/local/q-1/image2/PRODUCTREVIEW/202403/25/2524242180287524468/cf1ff1a7-58e9-4a0c-b6c0-e3cd7777e604.jpg" data-num="5" loading="lazy" src="https://thumbnail8.coupangcdn.com/thumbnails/local/320/image2/PRODUCTREVIEW/202403/25/2524242180287524468/cf1ff1a7-58e9-4a0c-b6c0-e3cd7777e604.jpg"></div><div class="sdp-review__article__list__attachment__list"><img class="sdp-review__article__list__attachment__img js_reviewArticleListImage js_reviewArticleCrop" data-has-caption="false" data-caption="" alt="" data-video-size="0" data-thumbnail-path="https://thumbnail9.coupangcdn.com/thumbnails/local/320/image2/PRODUCTREVIEW/202403/25/2524242180287524468/bf8cd246-94e3-45f7-909d-3b4221de4cc7.jpg" data-origin-path="https://thumbnail9.coupangcdn.com/thumbnails/local/q-1/image2/PRODUCTREVIEW/202403/25/2524242180287524468/bf8cd246-94e3-45f7-909d-3b4221de4cc7.jpg" data-num="6" loading="lazy" src="https://thumbnail9.coupangcdn.com/thumbnails/local/320/image2/PRODUCTREVIEW/202403/25/2524242180287524468/bf8cd246-94e3-45f7-909d-3b4221de4cc7.jpg"></div><div class="sdp-review__article__list__attachment__list"><img class="sdp-review__article__list__attachment__img js_reviewArticleListImage js_reviewArticleCrop" data-has-caption="false" data-caption="" alt="" data-video-size="0" data-thumbnail-path="https://thumbnail8.coupangcdn.com/thumbnails/local/320/image2/PRODUCTREVIEW/202403/25/2524242180287524468/f7428104-e4ab-4fd8-b76d-df341d9b22f6.jpg" data-origin-path="https://thumbnail8.coupangcdn.com/thumbnails/local/q-1/image2/PRODUCTREVIEW/202403/25/2524242180287524468/f7428104-e4ab-4fd8-b76d-df341d9b22f6.jpg" data-num="7" loading="lazy" src="https://thumbnail8.coupangcdn.com/thumbnails/local/320/image2/PRODUCTREVIEW/202403/25/2524242180287524468/f7428104-e4ab-4fd8-b76d-df341d9b22f6.jpg"></div><div class="sdp-review__article__list__attachment__list"><img class="sdp-review__article__list__attachment__img js_reviewArticleListImage js_reviewArticleCrop" data-has-caption="false" data-caption="" alt="" data-video-size="0" data-thumbnail-path="https://thumbnail6.coupangcdn.com/thumbnails/local/320/image2/PRODUCTREVIEW/202403/25/2524242180287524468/2c4f808a-af50-4ff5-b9d3-8c1a659acad1.jpg" data-origin-path="https://thumbnail6.coupangcdn.com/thumbnails/local/q-1/image2/PRODUCTREVIEW/202403/25/2524242180287524468/2c4f808a-af50-4ff5-b9d3-8c1a659acad1.jpg" data-num="8" loading="lazy" src="https://thumbnail6.coupangcdn.com/thumbnails/local/320/image2/PRODUCTREVIEW/202403/25/2524242180287524468/2c4f808a-af50-4ff5-b9d3-8c1a659acad1.jpg"></div><div class="sdp-review__article__list__attachment__list"><img class="sdp-review__article__list__attachment__img js_reviewArticleListImage js_reviewArticleCrop" data-has-caption="false" data-caption="" alt="" data-video-size="0" data-thumbnail-path="https://thumbnail7.coupangcdn.com/thumbnails/local/320/image2/PRODUCTREVIEW/202403/25/2524242180287524468/6069e632-cf4c-4b30-8a23-f90d83476b40.jpg" data-origin-path="https://thumbnail7.coupangcdn.com/thumbnails/local/q-1/image2/PRODUCTREVIEW/202403/25/2524242180287524468/6069e632-cf4c-4b30-8a23-f90d83476b40.jpg" data-num="9" loading="lazy" src="https://thumbnail7.coupangcdn.com/thumbnails/local/320/image2/PRODUCTREVIEW/202403/25/2524242180287524468/6069e632-cf4c-4b30-8a23-f90d83476b40.jpg"></div></div><div class="sdp-review__article__list__headline">영양도 풍부한 카라멜</div><div class="sdp-review__article__list__review js_reviewArticleContentContainer"><div class="sdp-review__article__list__review__content js_reviewArticleContent"><span class="twc-bg-white" translate="no">안녕하세요 8살 3살 여아키우는 린아맘이에용<br><br>추억의 텐텐 영양제 츄정 딸기맛 카라멜 1박스 80정 한미 성장기 어린이 영양제 텐텐 멀티비타민 종합비타민 츄정, 320g, 2개 리뷰를 시작하겠습니다<br><br>&lt;&lt; 구매이유 &gt;&gt;<br>둘째가 벌써 카라멜에 맛들려서 텐텐을 외칩니다 ㅠㅠ<br><br>마이쭈나 말랑카우 같은 불량식품보다는 그래도 영양가 있는 텐텐이 좋을 것 같아서 대량구매해서 쟁여놓고 먹이고 있어요 <br><br>두번째 구매입니다<br><br>&lt;&lt; 후기 &gt;&gt;<br>종합비타민으로 꾸준히 먹이려고 대량구매했어요<br><br>리미티드 에디션이라고 써있는데, 쉽게 구매할 수 있어요<br><br>처음 접한 곳은 약국이었는데, 약국에서 한봉에(8정) 여기보다 비싸길래 가성비 좋은 쿠팡에서 구매했습니다<br><br>맛은 딸기맛이라서 맛있어요. 자일리톨이 들어있어서 끝맛은 좀 쏴~해요 ㅎㅎ<br><br>충치걱정도 조금은 덜어줍니다. <br><br>위생적으로 개별포장되어있어서 가지고 나가기도 너무 좋고, 동네친구들 나눠주기도 좋아요<br><br>과량섭취시 설사를 일으킬 수 있으니, 적당히 먹여야 해요.<br><br>저는 하루에 4개까지 줘봤는데, 다행히 설사는 하지 않더라고요. <br><br>목에 걸리면 질식할 수 있으니, 잘 씹지 못하는 아이는 먹이면 안되고, 카라멜을 많이 녹여 먹여본 아이만 먹여야합니다. <br><br>저도 처음엔 가위로 반 잘라서 줬었어요 ㅎㅎ 카라멜 조아하는 아이가 달라고 떼쓸 때 영양도 챙기면서 텐텐주세용~<br> ⋆｡˚ ☁︎ ˚｡⋆｡˚☽˚｡⋆<br> <br>╭◜◝ ͡ ◜◝ ╮<br><br>( Ꮚ ´ ꒳ ` Ꮚ<br><br>╰◟◞ ͜ ◟◞╯<br>제 글이 도움이 됐다면 도움이돼요!! 눌러주세요^^</span></div></div><div class="sdp-review__article__list__survey"><div class="sdp-review__article__list__survey__row"><span class="sdp-review__article__list__survey__row__question">맛 만족도</span><span class="sdp-review__article__list__survey__row__answer">맛있어요</span></div></div><div class="sdp-review__article__list__help js_reviewArticleHelpfulContainer twc-text-[12px]" data-review-id="586217533" data-count="19"><div class="sdp-review__article__list__help__count"><strong>19</strong> 명에게 도움 됨</div><div class="twc-inline-block"><button class="sdp-review__article__list__help__btn js_reviewArticleHelpBtn">도움이 돼요</button><button class="sdp-review__article__list__help__btn js_reviewArticleNoHelpBtn">도움 안 돼요</button></div><button class="sdp-review__article__list__help__report-btn js_reviewArticleReviewReportBtn" data-review-id="586217533">신고하기</button><div class="sdp-review__clear"></div></div></article><article class="sdp-review__article__list js_reviewArticleReviewList"><div class="sdp-review__article__list__info"><div class="sdp-review__article__list__info__profile"><img class="js_reviewArticleCrop js_reviewUserProfileImage" alt="" data-member-id="122672167" loading="lazy" src="//thumbnail8.coupangcdn.com/thumbnails/local/320/image2/PRODUCTREVIEW/202406/4/8800015293834051236/ec558db7-a08c-4172-ad7c-2f4b8b46867f.jpg"></div><div class="sdp-review__article__list__info__user"><span class="sdp-review__article__list__info__user__name js_reviewUserProfileImage" data-member-id="122672167">김*수&nbsp;</span></div><div class="sdp-review__article__list__info__product-info"><div class="sdp-review__article__list__info__product-info__star-gray"><div class="sdp-review__article__list__info__product-info__star-orange twc-w-full" data-rating="5"></div></div><div class="sdp-review__article__list__info__product-info__reg-date">2024.02.17</div></div><div class="sdp-review__article__list__info__product-info__seller_name">판매자: 조은메디팜</div><div class="sdp-review__article__list__info__product-info__name">텐텐 영양제 추억의 텐텐 1박스(8봉지), 320g, 1개</div></div><div class="sdp-review__article__list__attachment js_reviewArticleListGalleryContainer"><div class="sdp-review__article__list__attachment__list"><img class="sdp-review__article__list__attachment__img js_reviewArticleListImage js_reviewArticleCrop" data-has-caption="false" data-caption="" alt="" data-video-size="0" data-thumbnail-path="https://thumbnail6.coupangcdn.com/thumbnails/local/320/image2/PRODUCTREVIEW/202402/17/8800015293834051236/3cdfc3ff-af1a-454b-a59b-c51094e9b5d7.jpg" data-origin-path="https://thumbnail6.coupangcdn.com/thumbnails/local/q-1/image2/PRODUCTREVIEW/202402/17/8800015293834051236/3cdfc3ff-af1a-454b-a59b-c51094e9b5d7.jpg" data-num="0" loading="lazy" src="https://thumbnail6.coupangcdn.com/thumbnails/local/320/image2/PRODUCTREVIEW/202402/17/8800015293834051236/3cdfc3ff-af1a-454b-a59b-c51094e9b5d7.jpg"></div><div class="sdp-review__article__list__attachment__list"><img class="sdp-review__article__list__attachment__img js_reviewArticleListImage js_reviewArticleCrop" data-has-caption="false" data-caption="" alt="" data-video-size="0" data-thumbnail-path="https://thumbnail7.coupangcdn.com/thumbnails/local/320/image2/PRODUCTREVIEW/202402/17/8800015293834051236/02b5dc0c-962c-4101-aff5-d40dc8f3338b.jpg" data-origin-path="https://thumbnail7.coupangcdn.com/thumbnails/local/q-1/image2/PRODUCTREVIEW/202402/17/8800015293834051236/02b5dc0c-962c-4101-aff5-d40dc8f3338b.jpg" data-num="1" loading="lazy" src="https://thumbnail7.coupangcdn.com/thumbnails/local/320/image2/PRODUCTREVIEW/202402/17/8800015293834051236/02b5dc0c-962c-4101-aff5-d40dc8f3338b.jpg"></div><div class="sdp-review__article__list__attachment__list"><img class="sdp-review__article__list__attachment__img js_reviewArticleListImage js_reviewArticleCrop" data-has-caption="false" data-caption="" alt="" data-video-size="0" data-thumbnail-path="https://thumbnail8.coupangcdn.com/thumbnails/local/320/image2/PRODUCTREVIEW/202402/17/8800015293834051236/8438a3c0-e627-4250-9765-22beaecc98af.jpg" data-origin-path="https://thumbnail8.coupangcdn.com/thumbnails/local/q-1/image2/PRODUCTREVIEW/202402/17/8800015293834051236/8438a3c0-e627-4250-9765-22beaecc98af.jpg" data-num="2" loading="lazy" src="https://thumbnail8.coupangcdn.com/thumbnails/local/320/image2/PRODUCTREVIEW/202402/17/8800015293834051236/8438a3c0-e627-4250-9765-22beaecc98af.jpg"></div><div class="sdp-review__article__list__attachment__list"><img class="sdp-review__article__list__attachment__img js_reviewArticleListImage js_reviewArticleCrop" data-has-caption="false" data-caption="" alt="" data-video-size="0" data-thumbnail-path="https://thumbnail7.coupangcdn.com/thumbnails/local/320/image2/PRODUCTREVIEW/202402/17/8800015293834051236/831b3817-b77f-4162-b525-78aa897bfb61.jpg" data-origin-path="https://thumbnail7.coupangcdn.com/thumbnails/local/q-1/image2/PRODUCTREVIEW/202402/17/8800015293834051236/831b3817-b77f-4162-b525-78aa897bfb61.jpg" data-num="3" loading="lazy" src="https://thumbnail7.coupangcdn.com/thumbnails/local/320/image2/PRODUCTREVIEW/202402/17/8800015293834051236/831b3817-b77f-4162-b525-78aa897bfb61.jpg"></div><div class="sdp-review__article__list__attachment__list"><img class="sdp-review__article__list__attachment__img js_reviewArticleListImage js_reviewArticleCrop" data-has-caption="false" data-caption="" alt="" data-video-size="0" data-thumbnail-path="https://thumbnail6.coupangcdn.com/thumbnails/local/320/image2/PRODUCTREVIEW/202402/17/8800015293834051236/f4857bc1-8747-42aa-96ff-b08eaf936e26.jpg" data-origin-path="https://thumbnail6.coupangcdn.com/thumbnails/local/q-1/image2/PRODUCTREVIEW/202402/17/8800015293834051236/f4857bc1-8747-42aa-96ff-b08eaf936e26.jpg" data-num="4" loading="lazy" src="https://thumbnail6.coupangcdn.com/thumbnails/local/320/image2/PRODUCTREVIEW/202402/17/8800015293834051236/f4857bc1-8747-42aa-96ff-b08eaf936e26.jpg"></div><div class="sdp-review__article__list__attachment__list"><img class="sdp-review__article__list__attachment__img js_reviewArticleListImage js_reviewArticleCrop" data-has-caption="false" data-caption="" alt="" data-video-size="0" data-thumbnail-path="https://thumbnail10.coupangcdn.com/thumbnails/local/320/image2/PRODUCTREVIEW/202402/17/8800015293834051236/19ff7bec-0981-4797-bb8d-3522c6ea6e23.jpg" data-origin-path="https://thumbnail10.coupangcdn.com/thumbnails/local/q-1/image2/PRODUCTREVIEW/202402/17/8800015293834051236/19ff7bec-0981-4797-bb8d-3522c6ea6e23.jpg" data-num="5" loading="lazy" src="https://thumbnail10.coupangcdn.com/thumbnails/local/320/image2/PRODUCTREVIEW/202402/17/8800015293834051236/19ff7bec-0981-4797-bb8d-3522c6ea6e23.jpg"></div><div class="sdp-review__article__list__attachment__list"><img class="sdp-review__article__list__attachment__img js_reviewArticleListImage js_reviewArticleCrop" data-has-caption="false" data-caption="" alt="" data-video-size="0" data-thumbnail-path="https://thumbnail9.coupangcdn.com/thumbnails/local/320/image2/PRODUCTREVIEW/202402/17/8800015293834051236/e01d4394-de76-4c01-9221-c84573d87746.jpg" data-origin-path="https://thumbnail9.coupangcdn.com/thumbnails/local/q-1/image2/PRODUCTREVIEW/202402/17/8800015293834051236/e01d4394-de76-4c01-9221-c84573d87746.jpg" data-num="6" loading="lazy" src="https://thumbnail9.coupangcdn.com/thumbnails/local/320/image2/PRODUCTREVIEW/202402/17/8800015293834051236/e01d4394-de76-4c01-9221-c84573d87746.jpg"></div><div class="sdp-review__article__list__attachment__list"><img class="sdp-review__article__list__attachment__img js_reviewArticleListImage js_reviewArticleCrop" data-has-caption="false" data-caption="" alt="" data-video-size="0" data-thumbnail-path="https://thumbnail7.coupangcdn.com/thumbnails/local/320/image2/PRODUCTREVIEW/202402/17/8800015293834051236/ae2c6c42-33de-4ca0-b0f0-0387f71cae0d.jpg" data-origin-path="https://thumbnail7.coupangcdn.com/thumbnails/local/q-1/image2/PRODUCTREVIEW/202402/17/8800015293834051236/ae2c6c42-33de-4ca0-b0f0-0387f71cae0d.jpg" data-num="7" loading="lazy" src="https://thumbnail7.coupangcdn.com/thumbnails/local/320/image2/PRODUCTREVIEW/202402/17/8800015293834051236/ae2c6c42-33de-4ca0-b0f0-0387f71cae0d.jpg"></div><div class="sdp-review__article__list__attachment__list"><img class="sdp-review__article__list__attachment__img js_reviewArticleListImage js_reviewArticleCrop" data-has-caption="false" data-caption="" alt="" data-video-size="0" data-thumbnail-path="https://thumbnail9.coupangcdn.com/thumbnails/local/320/image2/PRODUCTREVIEW/202402/17/8800015293834051236/11a3c209-5347-44f1-82d2-35d6000f4ee8.jpg" data-origin-path="https://thumbnail9.coupangcdn.com/thumbnails/local/q-1/image2/PRODUCTREVIEW/202402/17/8800015293834051236/11a3c209-5347-44f1-82d2-35d6000f4ee8.jpg" data-num="8" loading="lazy" src="https://thumbnail9.coupangcdn.com/thumbnails/local/320/image2/PRODUCTREVIEW/202402/17/8800015293834051236/11a3c209-5347-44f1-82d2-35d6000f4ee8.jpg"></div><div class="sdp-review__article__list__attachment__list"><img class="sdp-review__article__list__attachment__img js_reviewArticleListImage js_reviewArticleCrop" data-has-caption="false" data-caption="" alt="" data-video-size="0" data-thumbnail-path="https://thumbnail9.coupangcdn.com/thumbnails/local/320/image2/PRODUCTREVIEW/202402/17/8800015293834051236/fd9278fe-bcd6-4ad8-9baf-2641e25eb0ec.jpg" data-origin-path="https://thumbnail9.coupangcdn.com/thumbnails/local/q-1/image2/PRODUCTREVIEW/202402/17/8800015293834051236/fd9278fe-bcd6-4ad8-9baf-2641e25eb0ec.jpg" data-num="9" loading="lazy" src="https://thumbnail9.coupangcdn.com/thumbnails/local/320/image2/PRODUCTREVIEW/202402/17/8800015293834051236/fd9278fe-bcd6-4ad8-9baf-2641e25eb0ec.jpg"></div></div><div class="sdp-review__article__list__headline">맛있는 텐텐! 추억의 텐텐!으로 아이 간식 챙겨요!</div><div class="sdp-review__article__list__review js_reviewArticleContentContainer"><div class="sdp-review__article__list__review__content js_reviewArticleContent"><span class="twc-bg-white" translate="no">텐텐은 어릴 적 부모님이 챙겨주시던  추억의 간식이자 <br>영양제죠? 키큰 친구들에게 뭐먹냐고 물어봤을 때<br>텐텐이 많았던 것 같아요. 금박포장지같은.^^<br><br>아무래도 요즘 아이들은 비타민C 종류의 츄어블을<br>간식으로 많이 먹죠?(포장된 그림도 아이들이..좋아하는)<br><br>근데 부모의 욕심이.. 애들이 젤리나 츄어블을 너무나<br>좋아하기에 무조건 안 줄 수는 없고, 또 밖에 놀러갔는데 <br>갑자기 잠들거나 아이들이 심심해하면 뭔가 입에 넣어줘야 <br>할 것 같은데 매 번 당이 높은 젤리나 과자를 주기에는 <br>영양성분이 다소 걱정되더라구요.<br><br>그래서 우리가 어릴 때 잘먹었던 텐텐을 주문했는데요.<br>사실 타영양제도 많이 복용하고 있어서 약국의 텐텐보다는<br>성분에 조금 차이가 있는 인터넷에 파는 텐텐을 일부러<br>주문하게 되었어요.(영양공급의 목적이 아니지만...<br>그래도 맛을 위해 만들어진 것들 보다는 훨씬 낫잖아용)<br><br>영양적인 측면은 해롭지만 않으면 되서 오히려 더 편하게<br>잘 먹이고 있고, 그렇다고해서 너무 많이 먹이면 안되니<br>저는 하루에 1~2알, 가끔 너무 재촉하면 3알 정도 주고요.<br>(4살 기준으로 3알 최대고, 거의 1알씩 주는 편입니다)<br><br>일단 제가 먹어봐도 너무 맛있으니까 아이들은 당연히 <br>잘 먹구요. 지퍼백 포장에 낱개로 개별 포장까지 되어 있어 <br>휴대하고 다니기에 너무 위생적이라서 아주 편합니다.<br>(한 통씩 들고다니면 손이 계속 갈수도 있어요)<br><br><br>아이가 이제는 텐텐에 너무 익숙해져서 인지 오히려<br>슈퍼에 파는 자극적인 젤리는 잘안먹더라구요.<br>(완전ㅜㅜ너무 좋은 효과가 있었네요!)<br><br><br>아이들은 좋은 성분의 식품만 먹어야 잘 자라는 건 당연한 <br>얘기지만 또 너무 그렇게만 먹일 수는 없고 가끔은 맛있는<br>간식도 주면서 달래야 할 때가 많은데요.<br><br>정말 추억의 텐텐이 가장 좋은 것 같습니다.<br>앞으로도 계속해서 재구매 할 예정입니다.<br>(5번정도 재구매를 한 것 같구요. 특이사항 없네요^^)</span></div></div><div class="sdp-review__article__list__survey"><div class="sdp-review__article__list__survey__row"><span class="sdp-review__article__list__survey__row__question">맛 만족도</span><span class="sdp-review__article__list__survey__row__answer">맛있어요</span></div></div><div class="sdp-review__article__list__help js_reviewArticleHelpfulContainer twc-text-[12px]" data-review-id="572428609" data-count="8"><div class="sdp-review__article__list__help__count"><strong>8</strong> 명에게 도움 됨</div><div class="twc-inline-block"><button class="sdp-review__article__list__help__btn js_reviewArticleHelpBtn">도움이 돼요</button><button class="sdp-review__article__list__help__btn js_reviewArticleNoHelpBtn">도움 안 돼요</button></div><button class="sdp-review__article__list__help__report-btn js_reviewArticleReviewReportBtn" data-review-id="572428609">신고하기</button><div class="sdp-review__clear"></div></div></article><article class="sdp-review__article__list js_reviewArticleReviewList"><div class="sdp-review__article__list__info"><div class="sdp-review__article__list__info__profile"><img class="js_reviewArticleCrop js_reviewUserProfileImage" alt="" data-member-id="124120074" loading="lazy" src="//thumbnail10.coupangcdn.com/thumbnails/local/320/image2/PRODUCTREVIEW/202301/23/118827022529377967/e56b088c-41a2-4a06-861c-24932c182c54.jpg"></div><div class="sdp-review__article__list__info__user"><span class="sdp-review__article__list__info__user__name js_reviewUserProfileImage" data-member-id="124120074">이*구&nbsp;</span></div><div class="sdp-review__article__list__info__product-info"><div class="sdp-review__article__list__info__product-info__star-gray"><div class="sdp-review__article__list__info__product-info__star-orange twc-w-full" data-rating="5"></div></div><div class="sdp-review__article__list__info__product-info__reg-date">2024.02.15</div></div><div class="sdp-review__article__list__info__product-info__seller_name">판매자: 조은메디팜</div><div class="sdp-review__article__list__info__product-info__name">텐텐 영양제 추억의 텐텐 1박스(8봉지), 320g, 1개</div></div><div class="sdp-review__article__list__attachment js_reviewArticleListGalleryContainer"><div class="sdp-review__article__list__attachment__list"><img class="sdp-review__article__list__attachment__img js_reviewArticleListImage js_reviewArticleCrop" data-has-caption="true" data-caption="리미티드에디션 추억의 미니 텐텐입니다." alt="" data-video-size="0" data-thumbnail-path="https://thumbnail7.coupangcdn.com/thumbnails/local/320/image2/PRODUCTREVIEW/202402/15/118827022529377967/54bc503d-5961-4035-9903-6f3dcdde75b8.jpg" data-origin-path="https://thumbnail7.coupangcdn.com/thumbnails/local/q-1/image2/PRODUCTREVIEW/202402/15/118827022529377967/54bc503d-5961-4035-9903-6f3dcdde75b8.jpg" data-num="0" loading="lazy" src="https://thumbnail7.coupangcdn.com/thumbnails/local/320/image2/PRODUCTREVIEW/202402/15/118827022529377967/54bc503d-5961-4035-9903-6f3dcdde75b8.jpg"><span class="sdp-review__caption_tip twc-bg-[url('https://img1a.coupangcdn.com/image/coupang/review/web/sdp/captions/icon-caption2x.png')] twc-w-[14px] twc-h-[14px] twc-block twc-absolute twc-bg-cover twc-right-[3px] twc-bottom-[3px]"></span></div><div class="sdp-review__article__list__attachment__list"><img class="sdp-review__article__list__attachment__img js_reviewArticleListImage js_reviewArticleCrop" data-has-caption="true" data-caption="안전하고 빠른 배송으로 하루만에 도착했어요." alt="" data-video-size="0" data-thumbnail-path="https://thumbnail8.coupangcdn.com/thumbnails/local/320/image2/PRODUCTREVIEW/202402/15/118827022529377967/70433097-a50c-4bac-8d79-5ca09541d011.jpg" data-origin-path="https://thumbnail8.coupangcdn.com/thumbnails/local/q-1/image2/PRODUCTREVIEW/202402/15/118827022529377967/70433097-a50c-4bac-8d79-5ca09541d011.jpg" data-num="1" loading="lazy" src="https://thumbnail8.coupangcdn.com/thumbnails/local/320/image2/PRODUCTREVIEW/202402/15/118827022529377967/70433097-a50c-4bac-8d79-5ca09541d011.jpg"><span class="sdp-review__caption_tip twc-bg-[url('https://img1a.coupangcdn.com/image/coupang/review/web/sdp/captions/icon-caption2x.png')] twc-w-[14px] twc-h-[14px] twc-block twc-absolute twc-bg-cover twc-right-[3px] twc-bottom-[3px]"></span></div><div class="sdp-review__article__list__attachment__list"><img class="sdp-review__article__list__attachment__img js_reviewArticleListImage js_reviewArticleCrop" data-has-caption="true" data-caption="총 8봉지 80정 구성이라 넉넉해요." alt="" data-video-size="0" data-thumbnail-path="https://thumbnail10.coupangcdn.com/thumbnails/local/320/image2/PRODUCTREVIEW/202402/15/118827022529377967/5f80cca9-c3b6-4a79-ab83-b2f001f53fcf.jpg" data-origin-path="https://thumbnail10.coupangcdn.com/thumbnails/local/q-1/image2/PRODUCTREVIEW/202402/15/118827022529377967/5f80cca9-c3b6-4a79-ab83-b2f001f53fcf.jpg" data-num="2" loading="lazy" src="https://thumbnail10.coupangcdn.com/thumbnails/local/320/image2/PRODUCTREVIEW/202402/15/118827022529377967/5f80cca9-c3b6-4a79-ab83-b2f001f53fcf.jpg"><span class="sdp-review__caption_tip twc-bg-[url('https://img1a.coupangcdn.com/image/coupang/review/web/sdp/captions/icon-caption2x.png')] twc-w-[14px] twc-h-[14px] twc-block twc-absolute twc-bg-cover twc-right-[3px] twc-bottom-[3px]"></span></div><div class="sdp-review__article__list__attachment__list"><img class="sdp-review__article__list__attachment__img js_reviewArticleListImage js_reviewArticleCrop" data-has-caption="true" data-caption="아이 간식 수납장에 넣어서 보관하고 있어요." alt="" data-video-size="0" data-thumbnail-path="https://thumbnail10.coupangcdn.com/thumbnails/local/320/image2/PRODUCTREVIEW/202402/15/118827022529377967/69178853-4040-4bfc-969a-b09a6c092fb7.jpg" data-origin-path="https://thumbnail10.coupangcdn.com/thumbnails/local/q-1/image2/PRODUCTREVIEW/202402/15/118827022529377967/69178853-4040-4bfc-969a-b09a6c092fb7.jpg" data-num="3" loading="lazy" src="https://thumbnail10.coupangcdn.com/thumbnails/local/320/image2/PRODUCTREVIEW/202402/15/118827022529377967/69178853-4040-4bfc-969a-b09a6c092fb7.jpg"><span class="sdp-review__caption_tip twc-bg-[url('https://img1a.coupangcdn.com/image/coupang/review/web/sdp/captions/icon-caption2x.png')] twc-w-[14px] twc-h-[14px] twc-block twc-absolute twc-bg-cover twc-right-[3px] twc-bottom-[3px]"></span></div><div class="sdp-review__article__list__attachment__list"><img class="sdp-review__article__list__attachment__img js_reviewArticleListImage js_reviewArticleCrop" data-has-caption="true" data-caption="지퍼백 소포장이라 장기간 보관하기 좋아요." alt="" data-video-size="0" data-thumbnail-path="https://thumbnail6.coupangcdn.com/thumbnails/local/320/image2/PRODUCTREVIEW/202402/15/118827022529377967/bd0d9b6b-8705-4f84-a0c7-72910a97cdfe.jpg" data-origin-path="https://thumbnail6.coupangcdn.com/thumbnails/local/q-1/image2/PRODUCTREVIEW/202402/15/118827022529377967/bd0d9b6b-8705-4f84-a0c7-72910a97cdfe.jpg" data-num="4" loading="lazy" src="https://thumbnail6.coupangcdn.com/thumbnails/local/320/image2/PRODUCTREVIEW/202402/15/118827022529377967/bd0d9b6b-8705-4f84-a0c7-72910a97cdfe.jpg"><span class="sdp-review__caption_tip twc-bg-[url('https://img1a.coupangcdn.com/image/coupang/review/web/sdp/captions/icon-caption2x.png')] twc-w-[14px] twc-h-[14px] twc-block twc-absolute twc-bg-cover twc-right-[3px] twc-bottom-[3px]"></span></div><div class="sdp-review__article__list__attachment__list"><img class="sdp-review__article__list__attachment__img js_reviewArticleListImage js_reviewArticleCrop" data-has-caption="false" data-caption="" alt="" data-video-size="0" data-thumbnail-path="https://thumbnail6.coupangcdn.com/thumbnails/local/320/image2/PRODUCTREVIEW/202402/15/118827022529377967/618304a3-fd91-49d9-a743-ce6d23c0654e.jpg" data-origin-path="https://thumbnail6.coupangcdn.com/thumbnails/local/q-1/image2/PRODUCTREVIEW/202402/15/118827022529377967/618304a3-fd91-49d9-a743-ce6d23c0654e.jpg" data-num="5" loading="lazy" src="https://thumbnail6.coupangcdn.com/thumbnails/local/320/image2/PRODUCTREVIEW/202402/15/118827022529377967/618304a3-fd91-49d9-a743-ce6d23c0654e.jpg"></div><div class="sdp-review__article__list__attachment__list"><img class="sdp-review__article__list__attachment__img js_reviewArticleListImage js_reviewArticleCrop" data-has-caption="true" data-caption="딸기맛으로 맛있게 미네랄 충전해요." alt="" data-video-size="0" data-thumbnail-path="https://thumbnail9.coupangcdn.com/thumbnails/local/320/image2/PRODUCTREVIEW/202402/15/118827022529377967/fb248257-f7f8-48f5-8a56-ab3a15a6c80e.jpg" data-origin-path="https://thumbnail9.coupangcdn.com/thumbnails/local/q-1/image2/PRODUCTREVIEW/202402/15/118827022529377967/fb248257-f7f8-48f5-8a56-ab3a15a6c80e.jpg" data-num="6" loading="lazy" src="https://thumbnail9.coupangcdn.com/thumbnails/local/320/image2/PRODUCTREVIEW/202402/15/118827022529377967/fb248257-f7f8-48f5-8a56-ab3a15a6c80e.jpg"><span class="sdp-review__caption_tip twc-bg-[url('https://img1a.coupangcdn.com/image/coupang/review/web/sdp/captions/icon-caption2x.png')] twc-w-[14px] twc-h-[14px] twc-block twc-absolute twc-bg-cover twc-right-[3px] twc-bottom-[3px]"></span></div><div class="sdp-review__article__list__attachment__list"><img class="sdp-review__article__list__attachment__img js_reviewArticleListImage js_reviewArticleCrop" data-has-caption="true" data-caption="양이 은근 많고 가성비 좋아 만족스러워요." alt="" data-video-size="0" data-thumbnail-path="https://thumbnail7.coupangcdn.com/thumbnails/local/320/image2/PRODUCTREVIEW/202402/15/118827022529377967/72d104a1-4308-4e55-a0b2-8569d758f5c7.jpg" data-origin-path="https://thumbnail7.coupangcdn.com/thumbnails/local/q-1/image2/PRODUCTREVIEW/202402/15/118827022529377967/72d104a1-4308-4e55-a0b2-8569d758f5c7.jpg" data-num="7" loading="lazy" src="https://thumbnail7.coupangcdn.com/thumbnails/local/320/image2/PRODUCTREVIEW/202402/15/118827022529377967/72d104a1-4308-4e55-a0b2-8569d758f5c7.jpg"><span class="sdp-review__caption_tip twc-bg-[url('https://img1a.coupangcdn.com/image/coupang/review/web/sdp/captions/icon-caption2x.png')] twc-w-[14px] twc-h-[14px] twc-block twc-absolute twc-bg-cover twc-right-[3px] twc-bottom-[3px]"></span></div><div class="sdp-review__article__list__attachment__list"><img class="sdp-review__article__list__attachment__img js_reviewArticleListImage js_reviewArticleCrop" data-has-caption="true" data-caption="타원형 모양의 츄잉 형태라 씹어먹기 딱이네요." alt="" data-video-size="0" data-thumbnail-path="https://thumbnail6.coupangcdn.com/thumbnails/local/320/image2/PRODUCTREVIEW/202402/15/118827022529377967/fdc150cc-fd4a-4caf-a4e2-d7aefde8e727.jpg" data-origin-path="https://thumbnail6.coupangcdn.com/thumbnails/local/q-1/image2/PRODUCTREVIEW/202402/15/118827022529377967/fdc150cc-fd4a-4caf-a4e2-d7aefde8e727.jpg" data-num="8" loading="lazy" src="https://thumbnail6.coupangcdn.com/thumbnails/local/320/image2/PRODUCTREVIEW/202402/15/118827022529377967/fdc150cc-fd4a-4caf-a4e2-d7aefde8e727.jpg"><span class="sdp-review__caption_tip twc-bg-[url('https://img1a.coupangcdn.com/image/coupang/review/web/sdp/captions/icon-caption2x.png')] twc-w-[14px] twc-h-[14px] twc-block twc-absolute twc-bg-cover twc-right-[3px] twc-bottom-[3px]"></span></div><div class="sdp-review__article__list__attachment__list"><img class="sdp-review__article__list__attachment__img js_reviewArticleListImage js_reviewArticleCrop" data-has-caption="true" data-caption="우리 아이의 영양 간식으로 추천합니다." alt="" data-video-size="0" data-thumbnail-path="https://thumbnail6.coupangcdn.com/thumbnails/local/320/image2/PRODUCTREVIEW/202402/15/118827022529377967/56a10723-6d83-41d6-974a-2edefead6c97.jpg" data-origin-path="https://thumbnail6.coupangcdn.com/thumbnails/local/q-1/image2/PRODUCTREVIEW/202402/15/118827022529377967/56a10723-6d83-41d6-974a-2edefead6c97.jpg" data-num="9" loading="lazy" src="https://thumbnail6.coupangcdn.com/thumbnails/local/320/image2/PRODUCTREVIEW/202402/15/118827022529377967/56a10723-6d83-41d6-974a-2edefead6c97.jpg"><span class="sdp-review__caption_tip twc-bg-[url('https://img1a.coupangcdn.com/image/coupang/review/web/sdp/captions/icon-caption2x.png')] twc-w-[14px] twc-h-[14px] twc-block twc-absolute twc-bg-cover twc-right-[3px] twc-bottom-[3px]"></span></div></div><div class="sdp-review__article__list__headline">추억의 텐텐으로 우리 아이 간식 챙겨요.</div><div class="sdp-review__article__list__review js_reviewArticleContentContainer"><div class="sdp-review__article__list__review__content js_reviewArticleContent"><span class="twc-bg-white" translate="no">텐텐은 츄잉 캔디 형태의 영양제인데요.<br>아이들이 좋아해서 그런지 약국에 가면 꼭 파는 제품이기도 합니다.<br>처음에는 물에 녹여 마시는 발포 비타민 형태로 출시되었고 지금은 씹어먹는 캔디 형태의 텐텐 츄정 비타민 보충제입니다.<br>종이 포장과 비닐 포장은 모양이 다르지만 성분은 같다고 하네요~<br><br>색은 빨갛고 식감은 약간 단단하면서 쫄깃한 카라멜류의 식감을 가지고 있어요.<br>중독성 강한 딸기 맛으로 아이도 맛있다면서 잘 먹는데 알아서 비타민과 미네랄을 충전할 수 있어서 좋더라고요.<br>개별 포장으로 되어 있어 위생적이고 간편하게 챙길 수 있으니까 대만족이네요.<br>한 봉지에 10개 구성으로 총 8봉지 80개가 있는데 소아과를 가거나 야외로 놀러갈 때 마다 한 개는 꼭 챙겨서 간답니다!<br><br>8세 이상은 하루 2정을 한꺼번에 먹어도 되지만 36개월 이상 8세 미만은 하루에 2정을 먹어도 되지만 1정씩 나눠먹는 걸 권장합니다.<br>매번 약국 갈 때 마다 사는게 아까워서 쿠팡으로 구매했는데 확실히 가격이 저렴하네요 :)<br>다만 이 제품은 건강기능식품이 아닌 일반의약품이기 때문에 너무 믿지 않았으면 해요.<br>비타민 A,B,C,D,E 등 다양한 영양 성분을 가지고 있어 발육기/눈 건조함/야맹증에 좋다고 하네요.<br><br>리미트드에디션 미니 텐텐 맛 츄정은 성분 강화 된 어린이 영양제여서 성장 발육에 최적화 되었어요.<br>저도 어렸을 때 먹어보고 20년 만에 다시 먹어봤는데 예전처럼 맛있는 맛은 아니네요...<br>이제는 입맛이 순수했던 아이가 아니라 예전같지 않나봐요.<br>그래도 우리 아이가 맛있다고 계속 달라고 하는거 보니 다행이네요.<br><br>저희 집은 칭찬 캔디로 활용해서 주고 있어요.<br>맛있는 젤리처럼 먹으면 되니 간편하고 아이에게 챙겨줄 종합 비타민 영양제니까 마음 편히 챙겨주게 되네요.<br>웬만한 과자보다 나아서 그런지 텐텐 줄 땐 너그러워져요.<br>맛과 영양까지 한 번에 해결할 수 있어 아이에게 이만한 제품은 없는 듯 싶네요.<br>아이 영양 간식이 고민이신 분들은 미니 텐텐 강추합니다❤️</span></div></div><div class="sdp-review__article__list__survey"><div class="sdp-review__article__list__survey__row"><span class="sdp-review__article__list__survey__row__question">맛 만족도</span><span class="sdp-review__article__list__survey__row__answer">맛있어요</span></div></div><div class="sdp-review__article__list__help js_reviewArticleHelpfulContainer twc-text-[12px]" data-review-id="571472851" data-count="17"><div class="sdp-review__article__list__help__count"><strong>17</strong> 명에게 도움 됨</div><div class="twc-inline-block"><button class="sdp-review__article__list__help__btn js_reviewArticleHelpBtn">도움이 돼요</button><button class="sdp-review__article__list__help__btn js_reviewArticleNoHelpBtn">도움 안 돼요</button></div><button class="sdp-review__article__list__help__report-btn js_reviewArticleReviewReportBtn" data-review-id="571472851">신고하기</button><div class="sdp-review__clear"></div></div></article><div class="sdp-review__article__page js_reviewArticlePagingContainer" data-page="1" data-start="1" data-end="10"><button class="sdp-review__article__page__prev js_reviewArticlePagePrevBtn" disabled=""></button><button class="sdp-review__article__page__num js_reviewArticlePageBtn sdp-review__article__page__num--active" data-page="1">1</button><button class="sdp-review__article__page__num js_reviewArticlePageBtn" data-page="2">2</button><button class="sdp-review__article__page__num js_reviewArticlePageBtn" data-page="3">3</button><button class="sdp-review__article__page__num js_reviewArticlePageBtn" data-page="4">4</button><button class="sdp-review__article__page__num js_reviewArticlePageBtn" data-page="5">5</button><button class="sdp-review__article__page__num js_reviewArticlePageBtn" data-page="6">6</button><button class="sdp-review__article__page__num js_reviewArticlePageBtn" data-page="7">7</button><button class="sdp-review__article__page__num js_reviewArticlePageBtn" data-page="8">8</button><button class="sdp-review__article__page__num js_reviewArticlePageBtn" data-page="9">9</button><button class="sdp-review__article__page__num js_reviewArticlePageBtn" data-page="10">10</button><button class="sdp-review__article__page__next js_reviewArticlePageNextBtn sdp-review__article__page__next--active"></button></div></div></div></div></div><div style="cursor: pointer; margin-bottom: 10px; display: initial;"><div id="midCarousel3" style="position: relative;"><a href="#" class="carousel-arrow-button prev"></a><a href="#" class="carousel-arrow-button next"></a><div style="display: flex; flex-direction: column; background-color: rgba(255, 255, 255, 1); overflow: hidden;" class="cmg-dco-template"><div style="display: flex; flex-direction: row; -webkit-box-sizing: border-box; width: 100%;; height: 54px; min-height: 54px; align-items: center"><div style="-webkit-line-clamp: 1; overflow: hidden; display: -webkit-box!important; -webkit-box-orient: vertical; min-width: fit-content; width: fit-content"><span style="font-size: 18px; font-weight: bold; color: rgba(211, 82, 0, 1); word-break: break-all; vertical-align: middle">4점 이상</span></div><div style="-webkit-line-clamp: 1; overflow: hidden; display: -webkit-box!important; -webkit-box-orient: vertical; width: 100%; flex-grow: 1; padding: 0px 0px 0px 6px"><span style="font-size: 18px; font-weight: bold; color: rgba(33, 43, 54, 1); word-break: break-all; vertical-align: middle">리뷰가 좋은 상품</span></div><div style="-webkit-line-clamp: 1; overflow: hidden; display: -webkit-box!important; -webkit-box-orient: vertical; min-width: fit-content; width: fit-content; margin: 0px 16px 0px 0px"><span style="font-size: 12px; font-weight: normal; color: rgba(17, 17, 17, 0.3); word-break: break-all; vertical-align: middle">AD</span></div></div><div class="cmg-dco-carousel" style="display: flex; flex-direction: row; box-sizing: border-box; width: 100%; min-width: 100%;"><div style="display: flex; flex-direction: row; -webkit-box-sizing: border-box; min-width: fit-content; width: fit-content; margin: 0px 12px 0px 0px"><div style="display: flex; flex-direction: column; width: 124px; min-width: 124px; margin: 0px 12px 16px 0px" class="cmg-dco-carousel-item cmg-dco-carousel-product hover-style-E view-logged" data-adsplatform="{&quot;viewImpression&quot;: &quot;https://mercury.coupang.com/e.gif?r=8edfce00-990a-11f0-b2c7-c8306e3e488a%7E2&amp;templateId=5177&quot;}"><div style="width: 124px; min-width: 124px; height: 124px;min-height: 124px; margin: 0px 0px 8px 0px; overflow: hidden"><img src="https://thumbnail13.coupangcdn.com/thumbnails/remote/292x292q65ex/image/vendor_inventory/e49f/6bf31e78e439c68aa4d8d2a401742ad5eeab4aea6fdadb1d7f321cce3e2d.jpg" style="vertical-align: top; height: 100%; object-fit: contain; border-radius: 0px 0px 0px 0px; " class="main-image"></div><div style="-webkit-line-clamp: 100; overflow: hidden; display: -webkit-box!important; -webkit-box-orient: vertical; min-width: fit-content; width: fit-content; padding: 0px 0px 6px 0px"><span style="font-size: 12px; font-weight: bold; color: rgba(99, 115, 129, 1); word-break: break-all; vertical-align: middle">무료배송</span></div><div style="-webkit-line-clamp: 2; overflow: hidden; display: -webkit-box!important; -webkit-box-orient: vertical; width: 100%;; margin: 0px 0px 4px 0px"><span style="font-size: 14px; font-weight: normal; color: rgba(33, 43, 54, 1); word-break: break-all; vertical-align: middle" class="product-title">한미 텐텐맛 멀티비타민 100정, 1개</span></div><div style="display: flex; flex-direction: row; -webkit-box-sizing: border-box; min-width: fit-content; width: fit-content; margin: 0px 0px 4px 0px; align-items: center"><div style="-webkit-line-clamp: 1; overflow: hidden; display: -webkit-box!important; -webkit-box-orient: vertical; min-width: fit-content; width: fit-content; margin: 0px 4px 0px 0px"><span style="font-size: 14px; font-weight: bold; color: rgba(203, 20, 0, 1); word-break: break-all; vertical-align: middle">15,460원</span></div></div><div style="display: flex; flex-direction: column; min-width: fit-content; width: fit-content; margin: 0px 0px 4px 0px"></div><div style="display: flex; flex-direction: row; -webkit-box-sizing: border-box; min-width: fit-content; width: fit-content"><div style="display: flex; flex-direction: row; -webkit-box-sizing: border-box; min-width: fit-content; width: fit-content; height: 16px; min-height: 16px; padding: 0px 4px 1px 4px; margin: 0px 0px 6px 0px; background-color: rgba(225, 39, 5, 1); border-radius: 4px 4px 4px 4px; align-items: center"><div style="-webkit-line-clamp: 1; overflow: hidden; display: -webkit-box!important; -webkit-box-orient: vertical; min-width: fit-content; width: fit-content; margin: 0px 2px 0px 0px"><span style="font-size: 11px; font-weight: bold; color: rgba(255, 255, 255, 1); word-break: break-all; vertical-align: middle">35%</span></div><div style="-webkit-line-clamp: 1; overflow: hidden; display: -webkit-box!important; -webkit-box-orient: vertical; min-width: fit-content; width: fit-content"><span style="font-size: 11px; font-weight: bold; color: rgba(255, 255, 255, 1); word-break: break-all; vertical-align: middle">할인</span></div></div></div><div style="display: flex; flex-direction: row; -webkit-box-sizing: border-box; min-width: fit-content; width: fit-content; align-items: flex-end"><div style="display: flex; min-width: fit-content; width: fit-content; height: 13px; min-height: 13px; margin: 0px 2px 0px 0px"><span style="display: block; background-image: url(//static.coupangcdn.com/image/cmg/common/rating-star/RDS.png); background-repeat: no-repeat; width: 60px; height: 12px; background-size: 60px 24px; background-position: 0 -12px"><em style="display: block; background-image: url(//static.coupangcdn.com/image/cmg/common/rating-star/RDS.png); background-repeat: no-repeat; width: 100%; height: 12px; background-size: 60px 24px; background-position: 0 0"></em></span></div><div style="-webkit-line-clamp: 1; overflow: hidden; display: -webkit-box!important; -webkit-box-orient: vertical; min-width: fit-content; width: fit-content"><span style="font-size: 12px; font-weight: normal; color: rgba(118, 134, 149, 1); word-break: break-all; vertical-align: middle">(1,952)</span></div></div></div><div style="display: flex; flex-direction: column; width: 1px; min-width: 1px; align-self: stretch; margin: 0px 0px 16px 0px; background-color: rgba(238, 238, 238, 1)"></div></div><div style="display: flex; flex-direction: row; -webkit-box-sizing: border-box; min-width: fit-content; width: fit-content; margin: 0px 12px 0px 0px"><div style="display: flex; flex-direction: column; width: 124px; min-width: 124px; margin: 0px 12px 16px 0px" class="cmg-dco-carousel-item cmg-dco-carousel-product hover-style-E view-logged" data-adsplatform="{&quot;viewImpression&quot;: &quot;https://mercury.coupang.com/e.gif?r=8edfce00-990a-11f0-8789-6ed88d179c80%7E2&amp;templateId=5177&quot;}"><div style="width: 124px; min-width: 124px; height: 124px;min-height: 124px; margin: 0px 0px 8px 0px; overflow: hidden"><img src="https://thumbnail9.coupangcdn.com/thumbnails/remote/292x292q65ex/image/vendor_inventory/087c/44c26fe9ad2f6879c1161b6b83c7ed75a9be817af3a0523b40d1bcfd73fb.jpg" style="vertical-align: top; height: 100%; object-fit: contain; border-radius: 0px 0px 0px 0px; " class="main-image"></div><div style="-webkit-line-clamp: 2; overflow: hidden; display: -webkit-box!important; -webkit-box-orient: vertical; width: 100%;; margin: 0px 0px 4px 0px"><span style="font-size: 14px; font-weight: normal; color: rgba(33, 43, 54, 1); word-break: break-all; vertical-align: middle" class="product-title">한미 추억의 텐텐 츄정 8봉 80정 어린이 멀티비타민 키즈 종합비타민, 40g, 1박스</span></div><div style="display: flex; flex-direction: row; -webkit-box-sizing: border-box; min-width: fit-content; width: fit-content; margin: 0px 0px 4px 0px; align-items: center"><div style="-webkit-line-clamp: 1; overflow: hidden; display: -webkit-box!important; -webkit-box-orient: vertical; min-width: fit-content; width: fit-content; margin: 0px 4px 0px 0px"><span style="font-size: 14px; font-weight: bold; color: rgba(203, 20, 0, 1); word-break: break-all; vertical-align: middle">23,900원</span></div></div><div style="display: flex; flex-direction: column; min-width: fit-content; width: fit-content; margin: 0px 0px 4px 0px"></div><div style="display: flex; flex-direction: row; -webkit-box-sizing: border-box; min-width: fit-content; width: fit-content"></div><div style="min-width: fit-content; width: fit-content; height: 18px;min-height: 18px; padding: 0px 0px 2px 0px; margin: 0px 2px 0px 0px; overflow: hidden"><img src="http://image15.coupangcdn.com/image/coupang/rds/logo/xxxhdpi/logo_rocket_merchant_medium_v3_r3.png" style="vertical-align: top; height: 100%; object-fit: contain; border-radius: 0px 0px 0px 0px; "></div><div style="display: flex; flex-direction: row; -webkit-box-sizing: border-box; min-width: fit-content; width: fit-content; align-items: flex-end"><div style="display: flex; min-width: fit-content; width: fit-content; height: 13px; min-height: 13px; margin: 0px 2px 0px 0px"><span style="display: block; background-image: url(//static.coupangcdn.com/image/cmg/common/rating-star/RDS.png); background-repeat: no-repeat; width: 60px; height: 12px; background-size: 60px 24px; background-position: 0 -12px"><em style="display: block; background-image: url(//static.coupangcdn.com/image/cmg/common/rating-star/RDS.png); background-repeat: no-repeat; width: 100%; height: 12px; background-size: 60px 24px; background-position: 0 0"></em></span></div><div style="-webkit-line-clamp: 1; overflow: hidden; display: -webkit-box!important; -webkit-box-orient: vertical; min-width: fit-content; width: fit-content"><span style="font-size: 12px; font-weight: normal; color: rgba(118, 134, 149, 1); word-break: break-all; vertical-align: middle">(92)</span></div></div></div><div style="display: flex; flex-direction: column; width: 1px; min-width: 1px; align-self: stretch; margin: 0px 0px 16px 0px; background-color: rgba(238, 238, 238, 1)"></div></div><div style="display: flex; flex-direction: row; -webkit-box-sizing: border-box; min-width: fit-content; width: fit-content; margin: 0px 12px 0px 0px"><div style="display: flex; flex-direction: column; width: 124px; min-width: 124px; margin: 0px 12px 16px 0px" class="cmg-dco-carousel-item cmg-dco-carousel-product hover-style-E view-logged" data-adsplatform="{&quot;viewImpression&quot;: &quot;https://mercury.coupang.com/e.gif?r=8edfce00-990a-11f0-9336-23bfc1e302f6%7E2&amp;templateId=5177&quot;}"><div style="width: 124px; min-width: 124px; height: 124px;min-height: 124px; margin: 0px 0px 8px 0px; overflow: hidden"><img src="https://thumbnail12.coupangcdn.com/thumbnails/remote/292x292q65ex/image/vendor_inventory/8806/d748b80a62241f7d7cf3b97b30cda0361db5689629df6ecf5d9155308657.jpg" style="vertical-align: top; height: 100%; object-fit: contain; border-radius: 0px 0px 0px 0px; " class="main-image"></div><div style="-webkit-line-clamp: 100; overflow: hidden; display: -webkit-box!important; -webkit-box-orient: vertical; min-width: fit-content; width: fit-content; padding: 0px 0px 6px 0px"><span style="font-size: 12px; font-weight: bold; color: rgba(99, 115, 129, 1); word-break: break-all; vertical-align: middle">무료배송</span></div><div style="-webkit-line-clamp: 2; overflow: hidden; display: -webkit-box!important; -webkit-box-orient: vertical; width: 100%;; margin: 0px 0px 4px 0px"><span style="font-size: 14px; font-weight: normal; color: rgba(33, 43, 54, 1); word-break: break-all; vertical-align: middle" class="product-title">리미티드 에디션 TenTen 한미 추억의 미니 텐텐맛 츄정 8봉지 x 2박스, 80g, 1박스</span></div><div style="display: flex; flex-direction: row; -webkit-box-sizing: border-box; min-width: fit-content; width: fit-content; margin: 0px 0px 4px 0px; align-items: center"><div style="-webkit-line-clamp: 1; overflow: hidden; display: -webkit-box!important; -webkit-box-orient: vertical; min-width: fit-content; width: fit-content; margin: 0px 4px 0px 0px"><span style="font-size: 14px; font-weight: bold; color: rgba(203, 20, 0, 1); word-break: break-all; vertical-align: middle">34,900원</span></div></div><div style="display: flex; flex-direction: column; min-width: fit-content; width: fit-content; margin: 0px 0px 4px 0px"></div><div style="display: flex; flex-direction: row; -webkit-box-sizing: border-box; min-width: fit-content; width: fit-content"></div><div style="display: flex; flex-direction: row; -webkit-box-sizing: border-box; min-width: fit-content; width: fit-content; align-items: flex-end"><div style="display: flex; min-width: fit-content; width: fit-content; height: 13px; min-height: 13px; margin: 0px 2px 0px 0px"><span style="display: block; background-image: url(//static.coupangcdn.com/image/cmg/common/rating-star/RDS.png); background-repeat: no-repeat; width: 60px; height: 12px; background-size: 60px 24px; background-position: 0 -12px"><em style="display: block; background-image: url(//static.coupangcdn.com/image/cmg/common/rating-star/RDS.png); background-repeat: no-repeat; width: 100%; height: 12px; background-size: 60px 24px; background-position: 0 0"></em></span></div><div style="-webkit-line-clamp: 1; overflow: hidden; display: -webkit-box!important; -webkit-box-orient: vertical; min-width: fit-content; width: fit-content"><span style="font-size: 12px; font-weight: normal; color: rgba(118, 134, 149, 1); word-break: break-all; vertical-align: middle">(74)</span></div></div></div><div style="display: flex; flex-direction: column; width: 1px; min-width: 1px; align-self: stretch; margin: 0px 0px 16px 0px; background-color: rgba(238, 238, 238, 1)"></div></div><div style="display: flex; flex-direction: row; -webkit-box-sizing: border-box; min-width: fit-content; width: fit-content; margin: 0px 12px 0px 0px"><div style="display: flex; flex-direction: column; width: 124px; min-width: 124px; margin: 0px 12px 16px 0px" class="cmg-dco-carousel-item cmg-dco-carousel-product hover-style-E view-logged" data-adsplatform="{&quot;viewImpression&quot;: &quot;https://mercury.coupang.com/e.gif?r=8edfce00-990a-11f0-95cf-f1e018ff84b8%7E2&amp;templateId=5177&quot;}"><div style="width: 124px; min-width: 124px; height: 124px;min-height: 124px; margin: 0px 0px 8px 0px; overflow: hidden"><img src="https://thumbnail13.coupangcdn.com/thumbnails/remote/292x292q65ex/image/vendor_inventory/50dc/a47a6859fe8b3e8fcd639ee3ad3e1264d167c7629d10b11ed0876a3c2bde.jpeg" style="vertical-align: top; height: 100%; object-fit: contain; border-radius: 0px 0px 0px 0px; " class="main-image"></div><div style="-webkit-line-clamp: 100; overflow: hidden; display: -webkit-box!important; -webkit-box-orient: vertical; min-width: fit-content; width: fit-content; padding: 0px 0px 6px 0px"><span style="font-size: 12px; font-weight: bold; color: rgba(99, 115, 129, 1); word-break: break-all; vertical-align: middle">무료배송</span></div><div style="-webkit-line-clamp: 2; overflow: hidden; display: -webkit-box!important; -webkit-box-orient: vertical; width: 100%;; margin: 0px 0px 4px 0px"><span style="font-size: 14px; font-weight: normal; color: rgba(33, 43, 54, 1); word-break: break-all; vertical-align: middle" class="product-title">리미티드 에디션 추억의 미니 텐텐맛츄정 비타민 칼슘 자일리톨 40g X 8개입 1박스, 8개</span></div><div style="display: flex; flex-direction: row; -webkit-box-sizing: border-box; min-width: fit-content; width: fit-content; margin: 0px 0px 4px 0px; align-items: center"><div style="-webkit-line-clamp: 1; overflow: hidden; display: -webkit-box!important; -webkit-box-orient: vertical; min-width: fit-content; width: fit-content; margin: 0px 4px 0px 0px"><span style="font-size: 14px; font-weight: bold; color: rgba(203, 20, 0, 1); word-break: break-all; vertical-align: middle">22,300원</span></div></div><div style="display: flex; flex-direction: column; min-width: fit-content; width: fit-content; margin: 0px 0px 4px 0px"></div><div style="display: flex; flex-direction: row; -webkit-box-sizing: border-box; min-width: fit-content; width: fit-content"></div><div style="display: flex; flex-direction: row; -webkit-box-sizing: border-box; min-width: fit-content; width: fit-content; align-items: flex-end"><div style="display: flex; min-width: fit-content; width: fit-content; height: 13px; min-height: 13px; margin: 0px 2px 0px 0px"><span style="display: block; background-image: url(//static.coupangcdn.com/image/cmg/common/rating-star/RDS.png); background-repeat: no-repeat; width: 60px; height: 12px; background-size: 60px 24px; background-position: 0 -12px"><em style="display: block; background-image: url(//static.coupangcdn.com/image/cmg/common/rating-star/RDS.png); background-repeat: no-repeat; width: 100%; height: 12px; background-size: 60px 24px; background-position: 0 0"></em></span></div><div style="-webkit-line-clamp: 1; overflow: hidden; display: -webkit-box!important; -webkit-box-orient: vertical; min-width: fit-content; width: fit-content"><span style="font-size: 12px; font-weight: normal; color: rgba(118, 134, 149, 1); word-break: break-all; vertical-align: middle">(4)</span></div></div></div><div style="display: flex; flex-direction: column; width: 1px; min-width: 1px; align-self: stretch; margin: 0px 0px 16px 0px; background-color: rgba(238, 238, 238, 1)"></div></div><div style="display: flex; flex-direction: row; -webkit-box-sizing: border-box; min-width: fit-content; width: fit-content; margin: 0px 12px 0px 0px"><div style="display: flex; flex-direction: column; width: 124px; min-width: 124px; margin: 0px 12px 16px 0px" class="cmg-dco-carousel-item cmg-dco-carousel-product hover-style-E view-logged" data-adsplatform="{&quot;viewImpression&quot;: &quot;https://mercury.coupang.com/e.gif?r=8edfce00-990a-11f0-8af5-47595c40c717%7E2&amp;templateId=5177&quot;}"><div style="width: 124px; min-width: 124px; height: 124px;min-height: 124px; margin: 0px 0px 8px 0px; overflow: hidden"><img src="https://thumbnail11.coupangcdn.com/thumbnails/remote/292x292q65ex/image/retail/images/4186940227606377-6a163554-eced-4a37-a1df-7176c4344e04.png" style="vertical-align: top; height: 100%; object-fit: contain; border-radius: 0px 0px 0px 0px; " class="main-image"></div><div style="-webkit-line-clamp: 2; overflow: hidden; display: -webkit-box!important; -webkit-box-orient: vertical; width: 100%;; margin: 0px 0px 4px 0px"><span style="font-size: 14px; font-weight: normal; color: rgba(33, 43, 54, 1); word-break: break-all; vertical-align: middle" class="product-title">센트룸 멀티 구미 비타민, 80정, 2개</span></div><div style="display: flex; flex-direction: row; -webkit-box-sizing: border-box; min-width: fit-content; width: fit-content; margin: 0px 0px 4px 0px; align-items: center"><div style="-webkit-line-clamp: 1; overflow: hidden; display: -webkit-box!important; -webkit-box-orient: vertical; min-width: fit-content; width: fit-content; margin: 0px 4px 0px 0px"><span style="font-size: 14px; font-weight: bold; color: rgba(203, 20, 0, 1); word-break: break-all; vertical-align: middle">41,990원</span></div></div><div style="display: flex; flex-direction: column; min-width: fit-content; width: fit-content; margin: 0px 0px 4px 0px"></div><div style="display: flex; flex-direction: row; -webkit-box-sizing: border-box; min-width: fit-content; width: fit-content"><div style="display: flex; flex-direction: row; -webkit-box-sizing: border-box; min-width: fit-content; width: fit-content; height: 16px; min-height: 16px; padding: 0px 4px 1px 4px; margin: 0px 0px 6px 0px; background-color: rgba(225, 39, 5, 1); border-radius: 4px 4px 4px 4px; align-items: center"><div style="-webkit-line-clamp: 1; overflow: hidden; display: -webkit-box!important; -webkit-box-orient: vertical; min-width: fit-content; width: fit-content; margin: 0px 2px 0px 0px"><span style="font-size: 11px; font-weight: bold; color: rgba(255, 255, 255, 1); word-break: break-all; vertical-align: middle">4%</span></div><div style="-webkit-line-clamp: 1; overflow: hidden; display: -webkit-box!important; -webkit-box-orient: vertical; min-width: fit-content; width: fit-content"><span style="font-size: 11px; font-weight: bold; color: rgba(255, 255, 255, 1); word-break: break-all; vertical-align: middle">할인</span></div></div></div><div style="min-width: fit-content; width: fit-content; height: 18px;min-height: 18px; padding: 0px 0px 2px 0px; margin: 0px 2px 0px 0px; overflow: hidden"><img src="http://image9.coupangcdn.com/image/coupang/rds/logo/xxxhdpi/logo_rocket_medium.png" style="vertical-align: top; height: 100%; object-fit: contain; border-radius: 0px 0px 0px 0px; "></div><div style="display: flex; flex-direction: row; -webkit-box-sizing: border-box; min-width: fit-content; width: fit-content; align-items: flex-end"><div style="display: flex; min-width: fit-content; width: fit-content; height: 13px; min-height: 13px; margin: 0px 2px 0px 0px"><span style="display: block; background-image: url(//static.coupangcdn.com/image/cmg/common/rating-star/RDS.png); background-repeat: no-repeat; width: 60px; height: 12px; background-size: 60px 24px; background-position: 0 -12px"><em style="display: block; background-image: url(//static.coupangcdn.com/image/cmg/common/rating-star/RDS.png); background-repeat: no-repeat; width: 100%; height: 12px; background-size: 60px 24px; background-position: 0 0"></em></span></div><div style="-webkit-line-clamp: 1; overflow: hidden; display: -webkit-box!important; -webkit-box-orient: vertical; min-width: fit-content; width: fit-content"><span style="font-size: 12px; font-weight: normal; color: rgba(118, 134, 149, 1); word-break: break-all; vertical-align: middle">(9,999+)</span></div></div></div><div style="display: flex; flex-direction: column; width: 1px; min-width: 1px; align-self: stretch; margin: 0px 0px 16px 0px; background-color: rgba(238, 238, 238, 1)"></div></div><div style="display: flex; flex-direction: row; -webkit-box-sizing: border-box; min-width: fit-content; width: fit-content; margin: 0px 12px 0px 0px"><div style="display: flex; flex-direction: column; width: 124px; min-width: 124px; margin: 0px 12px 16px 0px" class="cmg-dco-carousel-item cmg-dco-carousel-product hover-style-E view-logged" data-adsplatform="{&quot;viewImpression&quot;: &quot;https://mercury.coupang.com/e.gif?r=8edfce00-990a-11f0-a457-473b9de410c2%7E2&amp;templateId=5177&quot;}"><div style="width: 124px; min-width: 124px; height: 124px;min-height: 124px; margin: 0px 0px 8px 0px; overflow: hidden"><img src="https://thumbnail12.coupangcdn.com/thumbnails/remote/292x292q65ex/image/retail/images/2025/02/07/16/8/f5f1f57a-ee2e-4219-b2c6-8cf1965ff89a.jpg" style="vertical-align: top; height: 100%; object-fit: contain; border-radius: 0px 0px 0px 0px; " class="main-image"></div><div style="-webkit-line-clamp: 2; overflow: hidden; display: -webkit-box!important; -webkit-box-orient: vertical; width: 100%;; margin: 0px 0px 4px 0px"><span style="font-size: 14px; font-weight: normal; color: rgba(33, 43, 54, 1); word-break: break-all; vertical-align: middle" class="product-title">JW중외제약 면역업 프리미엄 키즈 멀티비타민 앤 미네랄 90g, 1개, 90정</span></div><div style="display: flex; flex-direction: row; -webkit-box-sizing: border-box; min-width: fit-content; width: fit-content; margin: 0px 0px 4px 0px; align-items: center"><div style="-webkit-line-clamp: 1; overflow: hidden; display: -webkit-box!important; -webkit-box-orient: vertical; min-width: fit-content; width: fit-content; margin: 0px 4px 0px 0px"><span style="font-size: 14px; font-weight: bold; color: rgba(203, 20, 0, 1); word-break: break-all; vertical-align: middle">14,000원</span></div></div><div style="display: flex; flex-direction: column; min-width: fit-content; width: fit-content; margin: 0px 0px 4px 0px"></div><div style="display: flex; flex-direction: row; -webkit-box-sizing: border-box; min-width: fit-content; width: fit-content"></div><div style="min-width: fit-content; width: fit-content; height: 18px;min-height: 18px; padding: 0px 0px 2px 0px; margin: 0px 2px 0px 0px; overflow: hidden"><img src="http://image13.coupangcdn.com/image/coupang/rds/logo/xxxhdpi/logo_rocket_medium.png" style="vertical-align: top; height: 100%; object-fit: contain; border-radius: 0px 0px 0px 0px; "></div><div style="display: flex; flex-direction: row; -webkit-box-sizing: border-box; min-width: fit-content; width: fit-content; align-items: flex-end"><div style="display: flex; min-width: fit-content; width: fit-content; height: 13px; min-height: 13px; margin: 0px 2px 0px 0px"><span style="display: block; background-image: url(//static.coupangcdn.com/image/cmg/common/rating-star/RDS.png); background-repeat: no-repeat; width: 60px; height: 12px; background-size: 60px 24px; background-position: 0 -12px"><em style="display: block; background-image: url(//static.coupangcdn.com/image/cmg/common/rating-star/RDS.png); background-repeat: no-repeat; width: 100%; height: 12px; background-size: 60px 24px; background-position: 0 0"></em></span></div><div style="-webkit-line-clamp: 1; overflow: hidden; display: -webkit-box!important; -webkit-box-orient: vertical; min-width: fit-content; width: fit-content"><span style="font-size: 12px; font-weight: normal; color: rgba(118, 134, 149, 1); word-break: break-all; vertical-align: middle">(40)</span></div></div></div><div style="display: flex; flex-direction: column; width: 1px; min-width: 1px; align-self: stretch; margin: 0px 0px 16px 0px; background-color: rgba(238, 238, 238, 1)"></div></div><div style="display: flex; flex-direction: row; -webkit-box-sizing: border-box; min-width: fit-content; width: fit-content; margin: 0px 12px 0px 0px"><div style="display: flex; flex-direction: column; width: 124px; min-width: 124px; margin: 0px 12px 16px 0px" class="cmg-dco-carousel-item cmg-dco-carousel-product hover-style-E view-logged" data-adsplatform="{&quot;viewImpression&quot;: &quot;https://mercury.coupang.com/e.gif?r=8edfce00-990a-11f0-ac55-14035cf888f5%7E2&amp;templateId=5177&quot;}"><div style="width: 124px; min-width: 124px; height: 124px;min-height: 124px; margin: 0px 0px 8px 0px; overflow: hidden"><img src="https://thumbnail2.coupangcdn.com/thumbnails/remote/292x292q65ex/image/1025_amir_coupang_oct_80k/8fdb/80e55a94133f41de3cb3452f0f179a1e33a2ebf0373dbdf33fd49b479d98.jpg" style="vertical-align: top; height: 100%; object-fit: contain; border-radius: 0px 0px 0px 0px; " class="main-image"></div><div style="-webkit-line-clamp: 2; overflow: hidden; display: -webkit-box!important; -webkit-box-orient: vertical; width: 100%;; margin: 0px 0px 4px 0px"><span style="font-size: 14px; font-weight: normal; color: rgba(33, 43, 54, 1); word-break: break-all; vertical-align: middle" class="product-title">닥터브라이언 비타민 C&amp;D 3000 복숭아맛, 100정, 1개</span></div><div style="display: flex; flex-direction: row; -webkit-box-sizing: border-box; min-width: fit-content; width: fit-content; margin: 0px 0px 4px 0px; align-items: center"><div style="-webkit-line-clamp: 1; overflow: hidden; display: -webkit-box!important; -webkit-box-orient: vertical; min-width: fit-content; width: fit-content; margin: 0px 4px 0px 0px"><span style="font-size: 14px; font-weight: bold; color: rgba(203, 20, 0, 1); word-break: break-all; vertical-align: middle">13,440원</span></div></div><div style="display: flex; flex-direction: column; min-width: fit-content; width: fit-content; margin: 0px 0px 4px 0px"></div><div style="display: flex; flex-direction: row; -webkit-box-sizing: border-box; min-width: fit-content; width: fit-content"></div><div style="min-width: fit-content; width: fit-content; height: 18px;min-height: 18px; padding: 0px 0px 2px 0px; margin: 0px 2px 0px 0px; overflow: hidden"><img src="http://image9.coupangcdn.com/image/coupang/rds/logo/xxxhdpi/logo_rocket_medium.png" style="vertical-align: top; height: 100%; object-fit: contain; border-radius: 0px 0px 0px 0px; "></div><div style="display: flex; flex-direction: row; -webkit-box-sizing: border-box; min-width: fit-content; width: fit-content; align-items: flex-end"><div style="display: flex; min-width: fit-content; width: fit-content; height: 13px; min-height: 13px; margin: 0px 2px 0px 0px"><span style="display: block; background-image: url(//static.coupangcdn.com/image/cmg/common/rating-star/RDS.png); background-repeat: no-repeat; width: 60px; height: 12px; background-size: 60px 24px; background-position: 0 -12px"><em style="display: block; background-image: url(//static.coupangcdn.com/image/cmg/common/rating-star/RDS.png); background-repeat: no-repeat; width: 100%; height: 12px; background-size: 60px 24px; background-position: 0 0"></em></span></div><div style="-webkit-line-clamp: 1; overflow: hidden; display: -webkit-box!important; -webkit-box-orient: vertical; min-width: fit-content; width: fit-content"><span style="font-size: 12px; font-weight: normal; color: rgba(118, 134, 149, 1); word-break: break-all; vertical-align: middle">(6,467)</span></div></div></div><div style="display: flex; flex-direction: column; width: 1px; min-width: 1px; align-self: stretch; margin: 0px 0px 16px 0px; background-color: rgba(238, 238, 238, 1)"></div></div><div style="display: flex; flex-direction: row; -webkit-box-sizing: border-box; min-width: fit-content; width: fit-content; margin: 0px 12px 0px 0px"><div style="display: flex; flex-direction: column; width: 124px; min-width: 124px; margin: 0px 12px 16px 0px" class="cmg-dco-carousel-item cmg-dco-carousel-product hover-style-E view-logged" data-adsplatform="{&quot;viewImpression&quot;: &quot;https://mercury.coupang.com/e.gif?r=8edfce00-990a-11f0-b31c-22d5a38fdff1%7E2&amp;templateId=5177&quot;}"><div style="width: 124px; min-width: 124px; height: 124px;min-height: 124px; margin: 0px 0px 8px 0px; overflow: hidden"><img src="https://thumbnail12.coupangcdn.com/thumbnails/remote/292x292q65ex/image/vendor_inventory/a2c6/c5e8610962c1d515513e41cdc3b55dae42892d3f4752dc8aaf0d58dddae8.jpg" style="vertical-align: top; height: 100%; object-fit: contain; border-radius: 0px 0px 0px 0px; " class="main-image"></div><div style="-webkit-line-clamp: 2; overflow: hidden; display: -webkit-box!important; -webkit-box-orient: vertical; width: 100%;; margin: 0px 0px 4px 0px"><span style="font-size: 14px; font-weight: normal; color: rgba(33, 43, 54, 1); word-break: break-all; vertical-align: middle" class="product-title">네추럴라이즈 100억 마리 유산균 키즈 꾸미 포도요거트맛, 60정, 1개</span></div><div style="display: flex; flex-direction: row; -webkit-box-sizing: border-box; min-width: fit-content; width: fit-content; margin: 0px 0px 4px 0px; align-items: center"><div style="-webkit-line-clamp: 1; overflow: hidden; display: -webkit-box!important; -webkit-box-orient: vertical; min-width: fit-content; width: fit-content; margin: 0px 4px 0px 0px"><span style="font-size: 14px; font-weight: bold; color: rgba(203, 20, 0, 1); word-break: break-all; vertical-align: middle">15,500원</span></div></div><div style="display: flex; flex-direction: column; min-width: fit-content; width: fit-content; margin: 0px 0px 4px 0px"></div><div style="display: flex; flex-direction: row; -webkit-box-sizing: border-box; min-width: fit-content; width: fit-content"></div><div style="min-width: fit-content; width: fit-content; height: 18px;min-height: 18px; padding: 0px 0px 2px 0px; margin: 0px 2px 0px 0px; overflow: hidden"><img src="http://image9.coupangcdn.com/image/coupang/rds/logo/xxxhdpi/logo_rocket_merchant_medium_v3_r3.png" style="vertical-align: top; height: 100%; object-fit: contain; border-radius: 0px 0px 0px 0px; "></div><div style="display: flex; flex-direction: row; -webkit-box-sizing: border-box; min-width: fit-content; width: fit-content; align-items: flex-end"><div style="display: flex; min-width: fit-content; width: fit-content; height: 13px; min-height: 13px; margin: 0px 2px 0px 0px"><span style="display: block; background-image: url(//static.coupangcdn.com/image/cmg/common/rating-star/RDS.png); background-repeat: no-repeat; width: 60px; height: 12px; background-size: 60px 24px; background-position: 0 -12px"><em style="display: block; background-image: url(//static.coupangcdn.com/image/cmg/common/rating-star/RDS.png); background-repeat: no-repeat; width: 100%; height: 12px; background-size: 60px 24px; background-position: 0 0"></em></span></div><div style="-webkit-line-clamp: 1; overflow: hidden; display: -webkit-box!important; -webkit-box-orient: vertical; min-width: fit-content; width: fit-content"><span style="font-size: 12px; font-weight: normal; color: rgba(118, 134, 149, 1); word-break: break-all; vertical-align: middle">(1,527)</span></div></div></div><div style="display: flex; flex-direction: column; width: 1px; min-width: 1px; align-self: stretch; margin: 0px 0px 16px 0px; background-color: rgba(238, 238, 238, 1)"></div></div><div style="display: flex; flex-direction: row; -webkit-box-sizing: border-box; min-width: fit-content; width: fit-content; margin: 0px 12px 0px 0px"><div style="display: flex; flex-direction: column; width: 124px; min-width: 124px; margin: 0px 12px 16px 0px" class="cmg-dco-carousel-item cmg-dco-carousel-product hover-style-E view-logged" data-adsplatform="{&quot;viewImpression&quot;: &quot;https://mercury.coupang.com/e.gif?r=8edff510-990a-11f0-92be-45df898adbfb%7E2&amp;templateId=5177&quot;}"><div style="width: 124px; min-width: 124px; height: 124px;min-height: 124px; margin: 0px 0px 8px 0px; overflow: hidden"><img src="https://thumbnail6.coupangcdn.com/thumbnails/remote/292x292q65ex/image/rs_quotation_api/8lztxq7y/2960fd71e2fb4165bd513ba573081f0f.jpg" style="vertical-align: top; height: 100%; object-fit: contain; border-radius: 0px 0px 0px 0px; " class="main-image"></div><div style="-webkit-line-clamp: 2; overflow: hidden; display: -webkit-box!important; -webkit-box-orient: vertical; width: 100%;; margin: 0px 0px 4px 0px"><span style="font-size: 14px; font-weight: normal; color: rgba(33, 43, 54, 1); word-break: break-all; vertical-align: middle" class="product-title">NUON 과일맛 멀티비타민미네랄 구미젤리 240g, 1개, 80정</span></div><div style="display: flex; flex-direction: row; -webkit-box-sizing: border-box; min-width: fit-content; width: fit-content; margin: 0px 0px 4px 0px; align-items: center"><div style="-webkit-line-clamp: 1; overflow: hidden; display: -webkit-box!important; -webkit-box-orient: vertical; min-width: fit-content; width: fit-content; margin: 0px 4px 0px 0px"><span style="font-size: 14px; font-weight: bold; color: rgba(203, 20, 0, 1); word-break: break-all; vertical-align: middle">10,900원</span></div></div><div style="display: flex; flex-direction: column; min-width: fit-content; width: fit-content; margin: 0px 0px 4px 0px"></div><div style="display: flex; flex-direction: row; -webkit-box-sizing: border-box; min-width: fit-content; width: fit-content"></div><div style="min-width: fit-content; width: fit-content; height: 18px;min-height: 18px; padding: 0px 0px 2px 0px; margin: 0px 2px 0px 0px; overflow: hidden"><img src="http://image5.coupangcdn.com/image/coupang/rds/logo/xxxhdpi/logo_rocket_medium.png" style="vertical-align: top; height: 100%; object-fit: contain; border-radius: 0px 0px 0px 0px; "></div><div style="display: flex; flex-direction: row; -webkit-box-sizing: border-box; min-width: fit-content; width: fit-content; align-items: flex-end"><div style="display: flex; min-width: fit-content; width: fit-content; height: 13px; min-height: 13px; margin: 0px 2px 0px 0px"><span style="display: block; background-image: url(//static.coupangcdn.com/image/cmg/common/rating-star/RDS.png); background-repeat: no-repeat; width: 60px; height: 12px; background-size: 60px 24px; background-position: 0 -12px"><em style="display: block; background-image: url(//static.coupangcdn.com/image/cmg/common/rating-star/RDS.png); background-repeat: no-repeat; width: 100%; height: 12px; background-size: 60px 24px; background-position: 0 0"></em></span></div><div style="-webkit-line-clamp: 1; overflow: hidden; display: -webkit-box!important; -webkit-box-orient: vertical; min-width: fit-content; width: fit-content"><span style="font-size: 12px; font-weight: normal; color: rgba(118, 134, 149, 1); word-break: break-all; vertical-align: middle">(627)</span></div></div></div><div style="display: flex; flex-direction: column; width: 1px; min-width: 1px; align-self: stretch; margin: 0px 0px 16px 0px; background-color: rgba(238, 238, 238, 1)"></div></div><div style="display: flex; flex-direction: row; -webkit-box-sizing: border-box; min-width: fit-content; width: fit-content; margin: 0px 12px 0px 0px"><div style="display: flex; flex-direction: column; width: 124px; min-width: 124px; margin: 0px 12px 16px 0px" class="cmg-dco-carousel-item cmg-dco-carousel-product hover-style-E view-logged" data-adsplatform="{&quot;viewImpression&quot;: &quot;https://mercury.coupang.com/e.gif?r=8edff510-990a-11f0-b77b-0349693f78ee%7E2&amp;templateId=5177&quot;}"><div style="width: 124px; min-width: 124px; height: 124px;min-height: 124px; margin: 0px 0px 8px 0px; overflow: hidden"><img src="https://thumbnail1.coupangcdn.com/thumbnails/remote/292x292q65ex/image/retail/images/245734710564808-0b187dc9-17e1-4c79-b8d8-bf7fa90a1962.jpg" style="vertical-align: top; height: 100%; object-fit: contain; border-radius: 0px 0px 0px 0px; " class="main-image"></div><div style="-webkit-line-clamp: 2; overflow: hidden; display: -webkit-box!important; -webkit-box-orient: vertical; width: 100%;; margin: 0px 0px 4px 0px"><span style="font-size: 14px; font-weight: normal; color: rgba(33, 43, 54, 1); word-break: break-all; vertical-align: middle" class="product-title">비타바이트 과일맛 멀티 비타 구미젤리 80개입, 240g, 2개</span></div><div style="display: flex; flex-direction: row; -webkit-box-sizing: border-box; min-width: fit-content; width: fit-content; margin: 0px 0px 4px 0px; align-items: center"><div style="-webkit-line-clamp: 1; overflow: hidden; display: -webkit-box!important; -webkit-box-orient: vertical; min-width: fit-content; width: fit-content; margin: 0px 4px 0px 0px"><span style="font-size: 14px; font-weight: bold; color: rgba(203, 20, 0, 1); word-break: break-all; vertical-align: middle">21,800원</span></div></div><div style="display: flex; flex-direction: column; min-width: fit-content; width: fit-content; margin: 0px 0px 4px 0px"></div><div style="display: flex; flex-direction: row; -webkit-box-sizing: border-box; min-width: fit-content; width: fit-content"></div><div style="min-width: fit-content; width: fit-content; height: 18px;min-height: 18px; padding: 0px 0px 2px 0px; margin: 0px 2px 0px 0px; overflow: hidden"><img src="http://image15.coupangcdn.com/image/coupang/rds/logo/xxxhdpi/logo_rocket_medium.png" style="vertical-align: top; height: 100%; object-fit: contain; border-radius: 0px 0px 0px 0px; "></div><div style="display: flex; flex-direction: row; -webkit-box-sizing: border-box; min-width: fit-content; width: fit-content; align-items: flex-end"><div style="display: flex; min-width: fit-content; width: fit-content; height: 13px; min-height: 13px; margin: 0px 2px 0px 0px"><span style="display: block; background-image: url(//static.coupangcdn.com/image/cmg/common/rating-star/RDS.png); background-repeat: no-repeat; width: 60px; height: 12px; background-size: 60px 24px; background-position: 0 -12px"><em style="display: block; background-image: url(//static.coupangcdn.com/image/cmg/common/rating-star/RDS.png); background-repeat: no-repeat; width: 100%; height: 12px; background-size: 60px 24px; background-position: 0 0"></em></span></div><div style="-webkit-line-clamp: 1; overflow: hidden; display: -webkit-box!important; -webkit-box-orient: vertical; min-width: fit-content; width: fit-content"><span style="font-size: 12px; font-weight: normal; color: rgba(118, 134, 149, 1); word-break: break-all; vertical-align: middle">(1,331)</span></div></div></div><div style="display: flex; flex-direction: column; width: 1px; min-width: 1px; align-self: stretch; margin: 0px 0px 16px 0px; background-color: rgba(238, 238, 238, 1)"></div></div><div style="display: flex; flex-direction: row; -webkit-box-sizing: border-box; min-width: fit-content; width: fit-content; margin: 0px 12px 0px 0px"><div style="display: flex; flex-direction: column; width: 124px; min-width: 124px; margin: 0px 12px 16px 0px" class="cmg-dco-carousel-item cmg-dco-carousel-product hover-style-E view-logged" data-adsplatform="{&quot;viewImpression&quot;: &quot;https://mercury.coupang.com/e.gif?r=8edff510-990a-11f0-9349-5a6dcb6057dc%7E2&amp;templateId=5177&quot;}"><div style="width: 124px; min-width: 124px; height: 124px;min-height: 124px; margin: 0px 0px 8px 0px; overflow: hidden"><img src="https://thumbnail2.coupangcdn.com/thumbnails/remote/292x292q65ex/image/retail/images/177243621307268-3ffeac50-649a-4497-b6ad-92abd4dc0c47.jpg" style="vertical-align: top; height: 100%; object-fit: contain; border-radius: 0px 0px 0px 0px; " class="main-image"></div><div style="-webkit-line-clamp: 2; overflow: hidden; display: -webkit-box!important; -webkit-box-orient: vertical; width: 100%;; margin: 0px 0px 4px 0px"><span style="font-size: 14px; font-weight: normal; color: rgba(33, 43, 54, 1); word-break: break-all; vertical-align: middle" class="product-title">마이니 생생톡톡 비타C, 108정, 1개</span></div><div style="display: flex; flex-direction: row; -webkit-box-sizing: border-box; min-width: fit-content; width: fit-content; margin: 0px 0px 4px 0px; align-items: center"><div style="-webkit-line-clamp: 1; overflow: hidden; display: -webkit-box!important; -webkit-box-orient: vertical; min-width: fit-content; width: fit-content; margin: 0px 4px 0px 0px"><span style="font-size: 14px; font-weight: bold; color: rgba(203, 20, 0, 1); word-break: break-all; vertical-align: middle">10,780원</span></div></div><div style="display: flex; flex-direction: column; min-width: fit-content; width: fit-content; margin: 0px 0px 4px 0px"></div><div style="display: flex; flex-direction: row; -webkit-box-sizing: border-box; min-width: fit-content; width: fit-content"></div><div style="min-width: fit-content; width: fit-content; height: 18px;min-height: 18px; padding: 0px 0px 2px 0px; margin: 0px 2px 0px 0px; overflow: hidden"><img src="http://image14.coupangcdn.com/image/coupang/rds/logo/xxxhdpi/logo_rocket_medium.png" style="vertical-align: top; height: 100%; object-fit: contain; border-radius: 0px 0px 0px 0px; "></div><div style="display: flex; flex-direction: row; -webkit-box-sizing: border-box; min-width: fit-content; width: fit-content; align-items: flex-end"><div style="display: flex; min-width: fit-content; width: fit-content; height: 13px; min-height: 13px; margin: 0px 2px 0px 0px"><span style="display: block; background-image: url(//static.coupangcdn.com/image/cmg/common/rating-star/RDS.png); background-repeat: no-repeat; width: 60px; height: 12px; background-size: 60px 24px; background-position: 0 -12px"><em style="display: block; background-image: url(//static.coupangcdn.com/image/cmg/common/rating-star/RDS.png); background-repeat: no-repeat; width: 100%; height: 12px; background-size: 60px 24px; background-position: 0 0"></em></span></div><div style="-webkit-line-clamp: 1; overflow: hidden; display: -webkit-box!important; -webkit-box-orient: vertical; min-width: fit-content; width: fit-content"><span style="font-size: 12px; font-weight: normal; color: rgba(118, 134, 149, 1); word-break: break-all; vertical-align: middle">(9,999+)</span></div></div></div><div style="display: flex; flex-direction: column; width: 1px; min-width: 1px; align-self: stretch; margin: 0px 0px 16px 0px; background-color: rgba(238, 238, 238, 1)"></div></div><div style="display: flex; flex-direction: row; -webkit-box-sizing: border-box; min-width: fit-content; width: fit-content; margin: 0px 12px 0px 0px"><div style="display: flex; flex-direction: column; width: 124px; min-width: 124px; margin: 0px 12px 16px 0px" class="cmg-dco-carousel-item cmg-dco-carousel-product hover-style-E view-logged" data-adsplatform="{&quot;viewImpression&quot;: &quot;https://mercury.coupang.com/e.gif?r=8edff510-990a-11f0-8810-454f25fc8ada%7E2&amp;templateId=5177&quot;}"><div style="width: 124px; min-width: 124px; height: 124px;min-height: 124px; margin: 0px 0px 8px 0px; overflow: hidden"><img src="https://thumbnail15.coupangcdn.com/thumbnails/remote/292x292q65ex/image/retail/images/54447479397222-38f2d6a2-2c83-4123-9e50-1dc966836ebd.jpg" style="vertical-align: top; height: 100%; object-fit: contain; border-radius: 0px 0px 0px 0px; " class="main-image"></div><div style="-webkit-line-clamp: 2; overflow: hidden; display: -webkit-box!important; -webkit-box-orient: vertical; width: 100%;; margin: 0px 0px 4px 0px"><span style="font-size: 14px; font-weight: normal; color: rgba(33, 43, 54, 1); word-break: break-all; vertical-align: middle" class="product-title">비타민마을 맘편한 어린이 쑥쑥 칼슘 비타민D 아연 젤리, 280g, 1개</span></div><div style="display: flex; flex-direction: row; -webkit-box-sizing: border-box; min-width: fit-content; width: fit-content; margin: 0px 0px 4px 0px; align-items: center"><div style="-webkit-line-clamp: 1; overflow: hidden; display: -webkit-box!important; -webkit-box-orient: vertical; min-width: fit-content; width: fit-content; margin: 0px 4px 0px 0px"><span style="font-size: 14px; font-weight: bold; color: rgba(203, 20, 0, 1); word-break: break-all; vertical-align: middle">8,900원</span></div></div><div style="display: flex; flex-direction: column; min-width: fit-content; width: fit-content; margin: 0px 0px 4px 0px"></div><div style="display: flex; flex-direction: row; -webkit-box-sizing: border-box; min-width: fit-content; width: fit-content"></div><div style="min-width: fit-content; width: fit-content; height: 18px;min-height: 18px; padding: 0px 0px 2px 0px; margin: 0px 2px 0px 0px; overflow: hidden"><img src="http://image9.coupangcdn.com/image/coupang/rds/logo/xxxhdpi/logo_rocket_medium.png" style="vertical-align: top; height: 100%; object-fit: contain; border-radius: 0px 0px 0px 0px; "></div><div style="display: flex; flex-direction: row; -webkit-box-sizing: border-box; min-width: fit-content; width: fit-content; align-items: flex-end"><div style="display: flex; min-width: fit-content; width: fit-content; height: 13px; min-height: 13px; margin: 0px 2px 0px 0px"><span style="display: block; background-image: url(//static.coupangcdn.com/image/cmg/common/rating-star/RDS.png); background-repeat: no-repeat; width: 60px; height: 12px; background-size: 60px 24px; background-position: 0 -12px"><em style="display: block; background-image: url(//static.coupangcdn.com/image/cmg/common/rating-star/RDS.png); background-repeat: no-repeat; width: 100%; height: 12px; background-size: 60px 24px; background-position: 0 0"></em></span></div><div style="-webkit-line-clamp: 1; overflow: hidden; display: -webkit-box!important; -webkit-box-orient: vertical; min-width: fit-content; width: fit-content"><span style="font-size: 12px; font-weight: normal; color: rgba(118, 134, 149, 1); word-break: break-all; vertical-align: middle">(2,743)</span></div></div></div><div style="display: flex; flex-direction: column; width: 1px; min-width: 1px; align-self: stretch; margin: 0px 0px 16px 0px; background-color: rgba(238, 238, 238, 1)"></div></div><div style="display: flex; flex-direction: row; -webkit-box-sizing: border-box; min-width: fit-content; width: fit-content; margin: 0px 12px 0px 0px"><div style="display: flex; flex-direction: column; width: 124px; min-width: 124px; margin: 0px 12px 16px 0px" class="cmg-dco-carousel-item cmg-dco-carousel-product hover-style-E view-logged" data-adsplatform="{&quot;viewImpression&quot;: &quot;https://mercury.coupang.com/e.gif?r=8edff510-990a-11f0-97e2-bc008e38bcce%7E2&amp;templateId=5177&quot;}"><div style="width: 124px; min-width: 124px; height: 124px;min-height: 124px; margin: 0px 0px 8px 0px; overflow: hidden"><img src="https://thumbnail6.coupangcdn.com/thumbnails/remote/292x292q65ex/image/vendor_inventory/19db/2cd721bcc08eb2ef6bde5edafbc5cf29a61f95552f7919dadde894772a70.jpg" style="vertical-align: top; height: 100%; object-fit: contain; border-radius: 0px 0px 0px 0px; " class="main-image"></div><div style="-webkit-line-clamp: 2; overflow: hidden; display: -webkit-box!important; -webkit-box-orient: vertical; width: 100%;; margin: 0px 0px 4px 0px"><span style="font-size: 14px; font-weight: normal; color: rgba(33, 43, 54, 1); word-break: break-all; vertical-align: middle" class="product-title">릴크리터스 이뮨 아연+비타민 C D, 60정, 1개</span></div><div style="display: flex; flex-direction: row; -webkit-box-sizing: border-box; min-width: fit-content; width: fit-content; margin: 0px 0px 4px 0px; align-items: center"><div style="-webkit-line-clamp: 1; overflow: hidden; display: -webkit-box!important; -webkit-box-orient: vertical; min-width: fit-content; width: fit-content; margin: 0px 4px 0px 0px"><span style="font-size: 14px; font-weight: bold; color: rgba(203, 20, 0, 1); word-break: break-all; vertical-align: middle">14,000원</span></div></div><div style="display: flex; flex-direction: column; min-width: fit-content; width: fit-content; margin: 0px 0px 4px 0px"></div><div style="display: flex; flex-direction: row; -webkit-box-sizing: border-box; min-width: fit-content; width: fit-content"></div><div style="min-width: fit-content; width: fit-content; height: 18px;min-height: 18px; padding: 0px 0px 2px 0px; margin: 0px 2px 0px 0px; overflow: hidden"><img src="http://image7.coupangcdn.com/image/coupang/rds/logo/xxxhdpi/logo_rocket_medium.png" style="vertical-align: top; height: 100%; object-fit: contain; border-radius: 0px 0px 0px 0px; "></div><div style="display: flex; flex-direction: row; -webkit-box-sizing: border-box; min-width: fit-content; width: fit-content; align-items: flex-end"><div style="display: flex; min-width: fit-content; width: fit-content; height: 13px; min-height: 13px; margin: 0px 2px 0px 0px"><span style="display: block; background-image: url(//static.coupangcdn.com/image/cmg/common/rating-star/RDS.png); background-repeat: no-repeat; width: 60px; height: 12px; background-size: 60px 24px; background-position: 0 -12px"><em style="display: block; background-image: url(//static.coupangcdn.com/image/cmg/common/rating-star/RDS.png); background-repeat: no-repeat; width: 100%; height: 12px; background-size: 60px 24px; background-position: 0 0"></em></span></div><div style="-webkit-line-clamp: 1; overflow: hidden; display: -webkit-box!important; -webkit-box-orient: vertical; min-width: fit-content; width: fit-content"><span style="font-size: 12px; font-weight: normal; color: rgba(118, 134, 149, 1); word-break: break-all; vertical-align: middle">(7,018)</span></div></div></div><div style="display: flex; flex-direction: column; width: 1px; min-width: 1px; align-self: stretch; margin: 0px 0px 16px 0px; background-color: rgba(238, 238, 238, 1)"></div></div><div style="display: flex; flex-direction: row; -webkit-box-sizing: border-box; min-width: fit-content; width: fit-content; margin: 0px 12px 0px 0px"><div style="display: flex; flex-direction: column; width: 124px; min-width: 124px; margin: 0px 12px 16px 0px" class="cmg-dco-carousel-item cmg-dco-carousel-product hover-style-E view-logged" data-adsplatform="{&quot;viewImpression&quot;: &quot;https://mercury.coupang.com/e.gif?r=8edff510-990a-11f0-afa1-6e5b1975f1d7%7E2&amp;templateId=5177&quot;}"><div style="width: 124px; min-width: 124px; height: 124px;min-height: 124px; margin: 0px 0px 8px 0px; overflow: hidden"><img src="https://thumbnail12.coupangcdn.com/thumbnails/remote/292x292q65ex/image/vendor_inventory/image_audit/advertiser/1753524476815/6eb1fae4-298e-4819-9395-7b8da130d382.jpg" style="vertical-align: top; height: 100%; object-fit: contain; border-radius: 0px 0px 0px 0px; " class="main-image"></div><div style="-webkit-line-clamp: 2; overflow: hidden; display: -webkit-box!important; -webkit-box-orient: vertical; width: 100%;; margin: 0px 0px 4px 0px"><span style="font-size: 14px; font-weight: normal; color: rgba(33, 43, 54, 1); word-break: break-all; vertical-align: middle" class="product-title">광동 헬스가드 키즈 녹용칼슘 골드 600g, 1개, 30회분</span></div><div style="display: flex; flex-direction: row; -webkit-box-sizing: border-box; min-width: fit-content; width: fit-content; margin: 0px 0px 4px 0px; align-items: center"><div style="-webkit-line-clamp: 1; overflow: hidden; display: -webkit-box!important; -webkit-box-orient: vertical; min-width: fit-content; width: fit-content; margin: 0px 4px 0px 0px"><span style="font-size: 14px; font-weight: bold; color: rgba(203, 20, 0, 1); word-break: break-all; vertical-align: middle">37,320원</span></div></div><div style="display: flex; flex-direction: column; min-width: fit-content; width: fit-content; margin: 0px 0px 4px 0px"></div><div style="display: flex; flex-direction: row; -webkit-box-sizing: border-box; min-width: fit-content; width: fit-content"></div><div style="min-width: fit-content; width: fit-content; height: 18px;min-height: 18px; padding: 0px 0px 2px 0px; margin: 0px 2px 0px 0px; overflow: hidden"><img src="http://image11.coupangcdn.com/image/coupang/rds/logo/xxxhdpi/logo_rocket_merchant_medium_v3_r3.png" style="vertical-align: top; height: 100%; object-fit: contain; border-radius: 0px 0px 0px 0px; "></div><div style="display: flex; flex-direction: row; -webkit-box-sizing: border-box; min-width: fit-content; width: fit-content; align-items: flex-end"><div style="display: flex; min-width: fit-content; width: fit-content; height: 13px; min-height: 13px; margin: 0px 2px 0px 0px"><span style="display: block; background-image: url(//static.coupangcdn.com/image/cmg/common/rating-star/RDS.png); background-repeat: no-repeat; width: 60px; height: 12px; background-size: 60px 24px; background-position: 0 -12px"><em style="display: block; background-image: url(//static.coupangcdn.com/image/cmg/common/rating-star/RDS.png); background-repeat: no-repeat; width: 100%; height: 12px; background-size: 60px 24px; background-position: 0 0"></em></span></div><div style="-webkit-line-clamp: 1; overflow: hidden; display: -webkit-box!important; -webkit-box-orient: vertical; min-width: fit-content; width: fit-content"><span style="font-size: 12px; font-weight: normal; color: rgba(118, 134, 149, 1); word-break: break-all; vertical-align: middle">(97)</span></div></div></div><div style="display: flex; flex-direction: column; width: 1px; min-width: 1px; align-self: stretch; margin: 0px 0px 16px 0px; background-color: rgba(238, 238, 238, 1)"></div></div><div style="display: flex; flex-direction: row; -webkit-box-sizing: border-box; min-width: fit-content; width: fit-content; margin: 0px 12px 0px 0px"><div style="display: flex; flex-direction: column; width: 124px; min-width: 124px; margin: 0px 12px 16px 0px" class="cmg-dco-carousel-item cmg-dco-carousel-product hover-style-E view-logged" data-adsplatform="{&quot;viewImpression&quot;: &quot;https://mercury.coupang.com/e.gif?r=8edff510-990a-11f0-b270-68f4081ffab0%7E2&amp;templateId=5177&quot;}"><div style="width: 124px; min-width: 124px; height: 124px;min-height: 124px; margin: 0px 0px 8px 0px; overflow: hidden"><img src="https://thumbnail13.coupangcdn.com/thumbnails/remote/292x292q65ex/image/vendor_inventory/3ae0/b180e5dd37880fb0fe463009ba0ce5252b58686785f717161a6ad9f1a7b3.jpg" style="vertical-align: top; height: 100%; object-fit: contain; border-radius: 0px 0px 0px 0px; " class="main-image"></div><div style="-webkit-line-clamp: 2; overflow: hidden; display: -webkit-box!important; -webkit-box-orient: vertical; width: 100%;; margin: 0px 0px 4px 0px"><span style="font-size: 14px; font-weight: normal; color: rgba(33, 43, 54, 1); word-break: break-all; vertical-align: middle" class="product-title">이른숲속 오쮸 츄어블 어린이 비타민 츄어블 영양제, 60정, 1개</span></div><div style="display: flex; flex-direction: row; -webkit-box-sizing: border-box; min-width: fit-content; width: fit-content; margin: 0px 0px 4px 0px; align-items: center"><div style="-webkit-line-clamp: 1; overflow: hidden; display: -webkit-box!important; -webkit-box-orient: vertical; min-width: fit-content; width: fit-content; margin: 0px 4px 0px 0px"><span style="font-size: 14px; font-weight: bold; color: rgba(203, 20, 0, 1); word-break: break-all; vertical-align: middle">26,520원</span></div></div><div style="display: flex; flex-direction: column; min-width: fit-content; width: fit-content; margin: 0px 0px 4px 0px"></div><div style="display: flex; flex-direction: row; -webkit-box-sizing: border-box; min-width: fit-content; width: fit-content"></div><div style="min-width: fit-content; width: fit-content; height: 18px;min-height: 18px; padding: 0px 0px 2px 0px; margin: 0px 2px 0px 0px; overflow: hidden"><img src="http://image3.coupangcdn.com/image/coupang/rds/logo/xxxhdpi/logo_rocket_merchant_medium_v3_r3.png" style="vertical-align: top; height: 100%; object-fit: contain; border-radius: 0px 0px 0px 0px; "></div><div style="display: flex; flex-direction: row; -webkit-box-sizing: border-box; min-width: fit-content; width: fit-content; align-items: flex-end"><div style="display: flex; min-width: fit-content; width: fit-content; height: 13px; min-height: 13px; margin: 0px 2px 0px 0px"><span style="display: block; background-image: url(//static.coupangcdn.com/image/cmg/common/rating-star/RDS.png); background-repeat: no-repeat; width: 60px; height: 12px; background-size: 60px 24px; background-position: 0 -12px"><em style="display: block; background-image: url(//static.coupangcdn.com/image/cmg/common/rating-star/RDS.png); background-repeat: no-repeat; width: 100%; height: 12px; background-size: 60px 24px; background-position: 0 0"></em></span></div><div style="-webkit-line-clamp: 1; overflow: hidden; display: -webkit-box!important; -webkit-box-orient: vertical; min-width: fit-content; width: fit-content"><span style="font-size: 12px; font-weight: normal; color: rgba(118, 134, 149, 1); word-break: break-all; vertical-align: middle">(285)</span></div></div></div><div style="display: flex; flex-direction: column; width: 1px; min-width: 1px; align-self: stretch; margin: 0px 0px 16px 0px; background-color: rgba(238, 238, 238, 1)"></div></div><div style="display: flex; flex-direction: row; -webkit-box-sizing: border-box; min-width: fit-content; width: fit-content; margin: 0px 12px 0px 0px"><div style="display: flex; flex-direction: column; width: 124px; min-width: 124px; margin: 0px 12px 16px 0px" class="cmg-dco-carousel-item cmg-dco-carousel-product hover-style-E view-logged" data-adsplatform="{&quot;viewImpression&quot;: &quot;https://mercury.coupang.com/e.gif?r=8edff510-990a-11f0-ba0d-3eaa2f102ebe%7E2&amp;templateId=5177&quot;}"><div style="width: 124px; min-width: 124px; height: 124px;min-height: 124px; margin: 0px 0px 8px 0px; overflow: hidden"><img src="https://thumbnail15.coupangcdn.com/thumbnails/remote/292x292q65ex/image/vendor_inventory/2e27/a837e5125e1da549e14b5c4ee09b3b2cb33c9257c3d1cc8fcac836221e2d.png" style="vertical-align: top; height: 100%; object-fit: contain; border-radius: 0px 0px 0px 0px; " class="main-image"></div><div style="-webkit-line-clamp: 100; overflow: hidden; display: -webkit-box!important; -webkit-box-orient: vertical; min-width: fit-content; width: fit-content; padding: 0px 0px 6px 0px"><span style="font-size: 12px; font-weight: bold; color: rgba(99, 115, 129, 1); word-break: break-all; vertical-align: middle">무료배송</span></div><div style="-webkit-line-clamp: 2; overflow: hidden; display: -webkit-box!important; -webkit-box-orient: vertical; width: 100%;; margin: 0px 0px 4px 0px"><span style="font-size: 14px; font-weight: normal; color: rgba(33, 43, 54, 1); word-break: break-all; vertical-align: middle" class="product-title">일양약품 하이키튼 CBP 키즈 어린이 초등 청소년 성장기 초유 단백질 우유 칼슘 츄어블, 4박스, 60정</span></div><div style="display: flex; flex-direction: row; -webkit-box-sizing: border-box; min-width: fit-content; width: fit-content; margin: 0px 0px 4px 0px; align-items: center"><div style="-webkit-line-clamp: 1; overflow: hidden; display: -webkit-box!important; -webkit-box-orient: vertical; min-width: fit-content; width: fit-content; margin: 0px 4px 0px 0px"><span style="font-size: 14px; font-weight: bold; color: rgba(203, 20, 0, 1); word-break: break-all; vertical-align: middle">116,630원</span></div></div><div style="display: flex; flex-direction: column; min-width: fit-content; width: fit-content; margin: 0px 0px 4px 0px"></div><div style="display: flex; flex-direction: row; -webkit-box-sizing: border-box; min-width: fit-content; width: fit-content"></div><div style="display: flex; flex-direction: row; -webkit-box-sizing: border-box; min-width: fit-content; width: fit-content; align-items: flex-end"><div style="display: flex; min-width: fit-content; width: fit-content; height: 13px; min-height: 13px; margin: 0px 2px 0px 0px"><span style="display: block; background-image: url(//static.coupangcdn.com/image/cmg/common/rating-star/RDS.png); background-repeat: no-repeat; width: 60px; height: 12px; background-size: 60px 24px; background-position: 0 -12px"><em style="display: block; background-image: url(//static.coupangcdn.com/image/cmg/common/rating-star/RDS.png); background-repeat: no-repeat; width: 100%; height: 12px; background-size: 60px 24px; background-position: 0 0"></em></span></div><div style="-webkit-line-clamp: 1; overflow: hidden; display: -webkit-box!important; -webkit-box-orient: vertical; min-width: fit-content; width: fit-content"><span style="font-size: 12px; font-weight: normal; color: rgba(118, 134, 149, 1); word-break: break-all; vertical-align: middle">(226)</span></div></div></div><div style="display: flex; flex-direction: column; width: 1px; min-width: 1px; align-self: stretch; margin: 0px 0px 16px 0px; background-color: rgba(238, 238, 238, 1)"></div></div><div style="display: flex; flex-direction: row; -webkit-box-sizing: border-box; min-width: fit-content; width: fit-content; margin: 0px 12px 0px 0px"><div style="display: flex; flex-direction: column; width: 124px; min-width: 124px; margin: 0px 12px 16px 0px" class="cmg-dco-carousel-item cmg-dco-carousel-product hover-style-E view-logged" data-adsplatform="{&quot;viewImpression&quot;: &quot;https://mercury.coupang.com/e.gif?r=8edff510-990a-11f0-a1ac-8c7a2874d3d4%7E2&amp;templateId=5177&quot;}"><div style="width: 124px; min-width: 124px; height: 124px;min-height: 124px; margin: 0px 0px 8px 0px; overflow: hidden"><img src="https://thumbnail14.coupangcdn.com/thumbnails/remote/292x292q65ex/image/vendor_inventory/b1a4/f5f32a66ff03c702065cd84ba438dfaf622ba363c69789ae894723db5392.jpg" style="vertical-align: top; height: 100%; object-fit: contain; border-radius: 0px 0px 0px 0px; " class="main-image"></div><div style="-webkit-line-clamp: 2; overflow: hidden; display: -webkit-box!important; -webkit-box-orient: vertical; width: 100%;; margin: 0px 0px 4px 0px"><span style="font-size: 14px; font-weight: normal; color: rgba(33, 43, 54, 1); word-break: break-all; vertical-align: middle" class="product-title">머거보니 우리아이 쑥쑥타임 황기추출물 유청칼슘 상어연골추출물, 1박스, 60정</span></div><div style="display: flex; flex-direction: row; -webkit-box-sizing: border-box; min-width: fit-content; width: fit-content; margin: 0px 0px 4px 0px; align-items: center"><div style="-webkit-line-clamp: 1; overflow: hidden; display: -webkit-box!important; -webkit-box-orient: vertical; min-width: fit-content; width: fit-content; margin: 0px 4px 0px 0px"><span style="font-size: 14px; font-weight: bold; color: rgba(203, 20, 0, 1); word-break: break-all; vertical-align: middle">29,480원</span></div></div><div style="display: flex; flex-direction: column; min-width: fit-content; width: fit-content; margin: 0px 0px 4px 0px"></div><div style="display: flex; flex-direction: row; -webkit-box-sizing: border-box; min-width: fit-content; width: fit-content"><div style="display: flex; flex-direction: row; -webkit-box-sizing: border-box; min-width: fit-content; width: fit-content; height: 16px; min-height: 16px; padding: 0px 4px 1px 4px; margin: 0px 0px 6px 0px; background-color: rgba(225, 39, 5, 1); border-radius: 4px 4px 4px 4px; align-items: center"><div style="-webkit-line-clamp: 1; overflow: hidden; display: -webkit-box!important; -webkit-box-orient: vertical; min-width: fit-content; width: fit-content; margin: 0px 2px 0px 0px"><span style="font-size: 11px; font-weight: bold; color: rgba(255, 255, 255, 1); word-break: break-all; vertical-align: middle">50%</span></div><div style="-webkit-line-clamp: 1; overflow: hidden; display: -webkit-box!important; -webkit-box-orient: vertical; min-width: fit-content; width: fit-content"><span style="font-size: 11px; font-weight: bold; color: rgba(255, 255, 255, 1); word-break: break-all; vertical-align: middle">할인</span></div></div></div><div style="min-width: fit-content; width: fit-content; height: 18px;min-height: 18px; padding: 0px 0px 2px 0px; margin: 0px 2px 0px 0px; overflow: hidden"><img src="http://image8.coupangcdn.com/image/coupang/rds/logo/xxxhdpi/logo_rocket_merchant_medium_v3_r3.png" style="vertical-align: top; height: 100%; object-fit: contain; border-radius: 0px 0px 0px 0px; "></div><div style="display: flex; flex-direction: row; -webkit-box-sizing: border-box; min-width: fit-content; width: fit-content; align-items: flex-end"><div style="display: flex; min-width: fit-content; width: fit-content; height: 13px; min-height: 13px; margin: 0px 2px 0px 0px"><span style="display: block; background-image: url(//static.coupangcdn.com/image/cmg/common/rating-star/RDS.png); background-repeat: no-repeat; width: 60px; height: 12px; background-size: 60px 24px; background-position: 0 -12px"><em style="display: block; background-image: url(//static.coupangcdn.com/image/cmg/common/rating-star/RDS.png); background-repeat: no-repeat; width: 100%; height: 12px; background-size: 60px 24px; background-position: 0 0"></em></span></div><div style="-webkit-line-clamp: 1; overflow: hidden; display: -webkit-box!important; -webkit-box-orient: vertical; min-width: fit-content; width: fit-content"><span style="font-size: 12px; font-weight: normal; color: rgba(118, 134, 149, 1); word-break: break-all; vertical-align: middle">(154)</span></div></div></div><div style="display: flex; flex-direction: column; width: 1px; min-width: 1px; align-self: stretch; margin: 0px 0px 16px 0px; background-color: rgba(238, 238, 238, 1)"></div></div><div style="display: flex; flex-direction: row; -webkit-box-sizing: border-box; min-width: fit-content; width: fit-content; margin: 0px 12px 0px 0px"><div style="display: flex; flex-direction: column; width: 124px; min-width: 124px; margin: 0px 12px 16px 0px" class="cmg-dco-carousel-item cmg-dco-carousel-product hover-style-E view-logged" data-adsplatform="{&quot;viewImpression&quot;: &quot;https://mercury.coupang.com/e.gif?r=8ee01c20-990a-11f0-9171-73fcd3c5dc9a%7E2&amp;templateId=5177&quot;}"><div style="width: 124px; min-width: 124px; height: 124px;min-height: 124px; margin: 0px 0px 8px 0px; overflow: hidden"><img src="https://thumbnail2.coupangcdn.com/thumbnails/remote/292x292q65ex/image/vendor_inventory/1ba8/b84cda788d5f9b6d7efc325e2ec9be0eb3f66dd0bc8b211ed8c7fe6ce568.jpg" style="vertical-align: top; height: 100%; object-fit: contain; border-radius: 0px 0px 0px 0px; " class="main-image"></div><div style="-webkit-line-clamp: 2; overflow: hidden; display: -webkit-box!important; -webkit-box-orient: vertical; width: 100%;; margin: 0px 0px 4px 0px"><span style="font-size: 14px; font-weight: normal; color: rgba(33, 43, 54, 1); word-break: break-all; vertical-align: middle" class="product-title">마요라 코피코 슈가프리 커피캔디 75g, 3개</span></div><div style="display: flex; flex-direction: row; -webkit-box-sizing: border-box; min-width: fit-content; width: fit-content; margin: 0px 0px 4px 0px; align-items: center"><div style="-webkit-line-clamp: 1; overflow: hidden; display: -webkit-box!important; -webkit-box-orient: vertical; min-width: fit-content; width: fit-content; margin: 0px 4px 0px 0px"><span style="font-size: 14px; font-weight: bold; color: rgba(203, 20, 0, 1); word-break: break-all; vertical-align: middle">4,080원</span></div></div><div style="display: flex; flex-direction: column; min-width: fit-content; width: fit-content; margin: 0px 0px 4px 0px"></div><div style="display: flex; flex-direction: row; -webkit-box-sizing: border-box; min-width: fit-content; width: fit-content"><div style="display: flex; flex-direction: row; -webkit-box-sizing: border-box; min-width: fit-content; width: fit-content; height: 16px; min-height: 16px; padding: 0px 4px 1px 4px; margin: 0px 0px 6px 0px; background-color: rgba(225, 39, 5, 1); border-radius: 4px 4px 4px 4px; align-items: center"><div style="-webkit-line-clamp: 1; overflow: hidden; display: -webkit-box!important; -webkit-box-orient: vertical; min-width: fit-content; width: fit-content; margin: 0px 2px 0px 0px"><span style="font-size: 11px; font-weight: bold; color: rgba(255, 255, 255, 1); word-break: break-all; vertical-align: middle">4%</span></div><div style="-webkit-line-clamp: 1; overflow: hidden; display: -webkit-box!important; -webkit-box-orient: vertical; min-width: fit-content; width: fit-content"><span style="font-size: 11px; font-weight: bold; color: rgba(255, 255, 255, 1); word-break: break-all; vertical-align: middle">할인</span></div></div></div><div style="display: flex; flex-direction: row; -webkit-box-sizing: border-box; min-width: fit-content; width: fit-content; align-items: flex-end"><div style="display: flex; min-width: fit-content; width: fit-content; height: 13px; min-height: 13px; margin: 0px 2px 0px 0px"><span style="display: block; background-image: url(//static.coupangcdn.com/image/cmg/common/rating-star/RDS.png); background-repeat: no-repeat; width: 60px; height: 12px; background-size: 60px 24px; background-position: 0 -12px"><em style="display: block; background-image: url(//static.coupangcdn.com/image/cmg/common/rating-star/RDS.png); background-repeat: no-repeat; width: 90%; height: 12px; background-size: 60px 24px; background-position: 0 0"></em></span></div><div style="-webkit-line-clamp: 1; overflow: hidden; display: -webkit-box!important; -webkit-box-orient: vertical; min-width: fit-content; width: fit-content"><span style="font-size: 12px; font-weight: normal; color: rgba(118, 134, 149, 1); word-break: break-all; vertical-align: middle">(1,739)</span></div></div></div><div style="display: flex; flex-direction: column; width: 1px; min-width: 1px; align-self: stretch; margin: 0px 0px 16px 0px; background-color: rgba(238, 238, 238, 1)"></div></div><div style="display: flex; flex-direction: row; -webkit-box-sizing: border-box; min-width: fit-content; width: fit-content; margin: 0px 12px 0px 0px"><div style="display: flex; flex-direction: column; width: 124px; min-width: 124px; margin: 0px 12px 16px 0px" class="cmg-dco-carousel-item cmg-dco-carousel-product hover-style-E view-logged" data-adsplatform="{&quot;viewImpression&quot;: &quot;https://mercury.coupang.com/e.gif?r=8ee01c20-990a-11f0-b2a6-cc62f3ca16f8%7E2&amp;templateId=5177&quot;}"><div style="width: 124px; min-width: 124px; height: 124px;min-height: 124px; margin: 0px 0px 8px 0px; overflow: hidden"><img src="https://thumbnail1.coupangcdn.com/thumbnails/remote/292x292q65ex/image/vendor_inventory/image_audit/stage/manual/1766049037822370-3c808f49-b6cf-479e-96c7-b9a475190ff6_1751865537768.jpg" style="vertical-align: top; height: 100%; object-fit: contain; border-radius: 0px 0px 0px 0px; " class="main-image"></div><div style="-webkit-line-clamp: 2; overflow: hidden; display: -webkit-box!important; -webkit-box-orient: vertical; width: 100%;; margin: 0px 0px 4px 0px"><span style="font-size: 14px; font-weight: normal; color: rgba(33, 43, 54, 1); word-break: break-all; vertical-align: middle" class="product-title">키즈텐 연세 칼슘업 츄어블, 70정, 1개</span></div><div style="display: flex; flex-direction: row; -webkit-box-sizing: border-box; min-width: fit-content; width: fit-content; margin: 0px 0px 4px 0px; align-items: center"><div style="-webkit-line-clamp: 1; overflow: hidden; display: -webkit-box!important; -webkit-box-orient: vertical; min-width: fit-content; width: fit-content; margin: 0px 4px 0px 0px"><span style="font-size: 14px; font-weight: bold; color: rgba(203, 20, 0, 1); word-break: break-all; vertical-align: middle">40,500원</span></div></div><div style="display: flex; flex-direction: column; min-width: fit-content; width: fit-content; margin: 0px 0px 4px 0px"></div><div style="display: flex; flex-direction: row; -webkit-box-sizing: border-box; min-width: fit-content; width: fit-content"><div style="display: flex; flex-direction: row; -webkit-box-sizing: border-box; min-width: fit-content; width: fit-content; height: 16px; min-height: 16px; padding: 0px 4px 1px 4px; margin: 0px 0px 6px 0px; background-color: rgba(225, 39, 5, 1); border-radius: 4px 4px 4px 4px; align-items: center"><div style="-webkit-line-clamp: 1; overflow: hidden; display: -webkit-box!important; -webkit-box-orient: vertical; min-width: fit-content; width: fit-content; margin: 0px 2px 0px 0px"><span style="font-size: 11px; font-weight: bold; color: rgba(255, 255, 255, 1); word-break: break-all; vertical-align: middle">3%</span></div><div style="-webkit-line-clamp: 1; overflow: hidden; display: -webkit-box!important; -webkit-box-orient: vertical; min-width: fit-content; width: fit-content"><span style="font-size: 11px; font-weight: bold; color: rgba(255, 255, 255, 1); word-break: break-all; vertical-align: middle">할인</span></div></div></div><div style="min-width: fit-content; width: fit-content; height: 18px;min-height: 18px; padding: 0px 0px 2px 0px; margin: 0px 2px 0px 0px; overflow: hidden"><img src="http://image2.coupangcdn.com/image/coupang/rds/logo/xxxhdpi/logo_rocket_medium.png" style="vertical-align: top; height: 100%; object-fit: contain; border-radius: 0px 0px 0px 0px; "></div><div style="display: flex; flex-direction: row; -webkit-box-sizing: border-box; min-width: fit-content; width: fit-content; align-items: flex-end"><div style="display: flex; min-width: fit-content; width: fit-content; height: 13px; min-height: 13px; margin: 0px 2px 0px 0px"><span style="display: block; background-image: url(//static.coupangcdn.com/image/cmg/common/rating-star/RDS.png); background-repeat: no-repeat; width: 60px; height: 12px; background-size: 60px 24px; background-position: 0 -12px"><em style="display: block; background-image: url(//static.coupangcdn.com/image/cmg/common/rating-star/RDS.png); background-repeat: no-repeat; width: 100%; height: 12px; background-size: 60px 24px; background-position: 0 0"></em></span></div><div style="-webkit-line-clamp: 1; overflow: hidden; display: -webkit-box!important; -webkit-box-orient: vertical; min-width: fit-content; width: fit-content"><span style="font-size: 12px; font-weight: normal; color: rgba(118, 134, 149, 1); word-break: break-all; vertical-align: middle">(317)</span></div></div></div><div style="display: flex; flex-direction: column; width: 1px; min-width: 1px; align-self: stretch; margin: 0px 0px 16px 0px; background-color: rgba(238, 238, 238, 1)"></div></div><div style="display: flex; flex-direction: row; -webkit-box-sizing: border-box; min-width: fit-content; width: fit-content; margin: 0px 12px 0px 0px"><div style="display: flex; flex-direction: column; width: 124px; min-width: 124px; margin: 0px 12px 16px 0px" class="cmg-dco-carousel-item cmg-dco-carousel-product hover-style-E view-logged" data-adsplatform="{&quot;viewImpression&quot;: &quot;https://mercury.coupang.com/e.gif?r=8ee01c20-990a-11f0-a291-597de808bdfc%7E2&amp;templateId=5177&quot;}"><div style="width: 124px; min-width: 124px; height: 124px;min-height: 124px; margin: 0px 0px 8px 0px; overflow: hidden"><img src="https://thumbnail1.coupangcdn.com/thumbnails/remote/292x292q65ex/image/retail/images/1c7bd287-02df-4e09-89f3-e4e8bb6b026f4084322408200935856.png" style="vertical-align: top; height: 100%; object-fit: contain; border-radius: 0px 0px 0px 0px; " class="main-image"></div><div style="-webkit-line-clamp: 2; overflow: hidden; display: -webkit-box!important; -webkit-box-orient: vertical; width: 100%;; margin: 0px 0px 4px 0px"><span style="font-size: 14px; font-weight: normal; color: rgba(33, 43, 54, 1); word-break: break-all; vertical-align: middle" class="product-title">서울우유 면역탄탄 칼슘 &amp; 아연 &amp; 비타민D 젤리스틱 14p, 2개, 280g</span></div><div style="display: flex; flex-direction: row; -webkit-box-sizing: border-box; min-width: fit-content; width: fit-content; margin: 0px 0px 4px 0px; align-items: center"><div style="-webkit-line-clamp: 1; overflow: hidden; display: -webkit-box!important; -webkit-box-orient: vertical; min-width: fit-content; width: fit-content; margin: 0px 4px 0px 0px"><span style="font-size: 14px; font-weight: bold; color: rgba(203, 20, 0, 1); word-break: break-all; vertical-align: middle">33,000원</span></div></div><div style="display: flex; flex-direction: column; min-width: fit-content; width: fit-content; margin: 0px 0px 4px 0px"></div><div style="display: flex; flex-direction: row; -webkit-box-sizing: border-box; min-width: fit-content; width: fit-content"></div><div style="min-width: fit-content; width: fit-content; height: 18px;min-height: 18px; padding: 0px 0px 2px 0px; margin: 0px 2px 0px 0px; overflow: hidden"><img src="http://image7.coupangcdn.com/image/coupang/rds/logo/xxxhdpi/logo_rocket_medium.png" style="vertical-align: top; height: 100%; object-fit: contain; border-radius: 0px 0px 0px 0px; "></div><div style="display: flex; flex-direction: row; -webkit-box-sizing: border-box; min-width: fit-content; width: fit-content; align-items: flex-end"><div style="display: flex; min-width: fit-content; width: fit-content; height: 13px; min-height: 13px; margin: 0px 2px 0px 0px"><span style="display: block; background-image: url(//static.coupangcdn.com/image/cmg/common/rating-star/RDS.png); background-repeat: no-repeat; width: 60px; height: 12px; background-size: 60px 24px; background-position: 0 -12px"><em style="display: block; background-image: url(//static.coupangcdn.com/image/cmg/common/rating-star/RDS.png); background-repeat: no-repeat; width: 100%; height: 12px; background-size: 60px 24px; background-position: 0 0"></em></span></div><div style="-webkit-line-clamp: 1; overflow: hidden; display: -webkit-box!important; -webkit-box-orient: vertical; min-width: fit-content; width: fit-content"><span style="font-size: 12px; font-weight: normal; color: rgba(118, 134, 149, 1); word-break: break-all; vertical-align: middle">(112)</span></div></div></div><div style="display: flex; flex-direction: column; width: 1px; min-width: 1px; align-self: stretch; margin: 0px 0px 16px 0px; background-color: rgba(238, 238, 238, 1)"></div></div><div style="display: flex; flex-direction: row; -webkit-box-sizing: border-box; min-width: fit-content; width: fit-content; margin: 0px 12px 0px 0px"><div style="display: flex; flex-direction: column; width: 124px; min-width: 124px; margin: 0px 12px 16px 0px" class="cmg-dco-carousel-item cmg-dco-carousel-product hover-style-E view-logged" data-adsplatform="{&quot;viewImpression&quot;: &quot;https://mercury.coupang.com/e.gif?r=8ee01c20-990a-11f0-b12f-69c044c7b958%7E2&amp;templateId=5177&quot;}"><div style="width: 124px; min-width: 124px; height: 124px;min-height: 124px; margin: 0px 0px 8px 0px; overflow: hidden"><img src="https://thumbnail1.coupangcdn.com/thumbnails/remote/292x292q65ex/image/vendor_inventory/62fe/404131b393689768519160812c83ef7b2238cd115337ab927dd692d890be.jpg" style="vertical-align: top; height: 100%; object-fit: contain; border-radius: 0px 0px 0px 0px; " class="main-image"></div><div style="-webkit-line-clamp: 2; overflow: hidden; display: -webkit-box!important; -webkit-box-orient: vertical; width: 100%;; margin: 0px 0px 4px 0px"><span style="font-size: 14px; font-weight: normal; color: rgba(33, 43, 54, 1); word-break: break-all; vertical-align: middle" class="product-title">듀포 포지타노 민트 시럽 캔디, 200g, 1개</span></div><div style="display: flex; flex-direction: row; -webkit-box-sizing: border-box; min-width: fit-content; width: fit-content; margin: 0px 0px 4px 0px; align-items: center"><div style="-webkit-line-clamp: 1; overflow: hidden; display: -webkit-box!important; -webkit-box-orient: vertical; min-width: fit-content; width: fit-content; margin: 0px 4px 0px 0px"><span style="font-size: 14px; font-weight: bold; color: rgba(203, 20, 0, 1); word-break: break-all; vertical-align: middle">7,900원</span></div></div><div style="display: flex; flex-direction: column; min-width: fit-content; width: fit-content; margin: 0px 0px 4px 0px"></div><div style="display: flex; flex-direction: row; -webkit-box-sizing: border-box; min-width: fit-content; width: fit-content"></div><div style="min-width: fit-content; width: fit-content; height: 18px;min-height: 18px; padding: 0px 0px 2px 0px; margin: 0px 2px 0px 0px; overflow: hidden"><img src="http://image10.coupangcdn.com/image/coupang/rds/logo/xxxhdpi/logo_rocket_medium.png" style="vertical-align: top; height: 100%; object-fit: contain; border-radius: 0px 0px 0px 0px; "></div><div style="display: flex; flex-direction: row; -webkit-box-sizing: border-box; min-width: fit-content; width: fit-content; align-items: flex-end"><div style="display: flex; min-width: fit-content; width: fit-content; height: 13px; min-height: 13px; margin: 0px 2px 0px 0px"><span style="display: block; background-image: url(//static.coupangcdn.com/image/cmg/common/rating-star/RDS.png); background-repeat: no-repeat; width: 60px; height: 12px; background-size: 60px 24px; background-position: 0 -12px"><em style="display: block; background-image: url(//static.coupangcdn.com/image/cmg/common/rating-star/RDS.png); background-repeat: no-repeat; width: 90%; height: 12px; background-size: 60px 24px; background-position: 0 0"></em></span></div><div style="-webkit-line-clamp: 1; overflow: hidden; display: -webkit-box!important; -webkit-box-orient: vertical; min-width: fit-content; width: fit-content"><span style="font-size: 12px; font-weight: normal; color: rgba(118, 134, 149, 1); word-break: break-all; vertical-align: middle">(844)</span></div></div></div><div style="display: flex; flex-direction: column; width: 1px; min-width: 1px; align-self: stretch; margin: 0px 0px 16px 0px; background-color: rgba(238, 238, 238, 1)"></div></div><div style="display: flex; flex-direction: row; -webkit-box-sizing: border-box; min-width: fit-content; width: fit-content; margin: 0px 12px 0px 0px"><div style="display: flex; flex-direction: column; width: 124px; min-width: 124px; margin: 0px 12px 16px 0px" class="cmg-dco-carousel-item cmg-dco-carousel-product hover-style-E view-logged" data-adsplatform="{&quot;viewImpression&quot;: &quot;https://mercury.coupang.com/e.gif?r=8ee01c20-990a-11f0-bf0f-87908d7a347f%7E2&amp;templateId=5177&quot;}"><div style="width: 124px; min-width: 124px; height: 124px;min-height: 124px; margin: 0px 0px 8px 0px; overflow: hidden"><img src="https://thumbnail4.coupangcdn.com/thumbnails/remote/292x292q65ex/image/vendor_inventory/d48e/254020b494cbc7b64ecf877f7efd96e8725355a711004a9c541bbbc7b272.jpg" style="vertical-align: top; height: 100%; object-fit: contain; border-radius: 0px 0px 0px 0px; " class="main-image"></div><div style="-webkit-line-clamp: 100; overflow: hidden; display: -webkit-box!important; -webkit-box-orient: vertical; min-width: fit-content; width: fit-content; padding: 0px 0px 6px 0px"><span style="font-size: 12px; font-weight: bold; color: rgba(99, 115, 129, 1); word-break: break-all; vertical-align: middle">무료배송</span></div><div style="-webkit-line-clamp: 2; overflow: hidden; display: -webkit-box!important; -webkit-box-orient: vertical; width: 100%;; margin: 0px 0px 4px 0px"><span style="font-size: 14px; font-weight: normal; color: rgba(33, 43, 54, 1); word-break: break-all; vertical-align: middle" class="product-title">키즈텐 연세생활건강 칼슘업 비타민D 사과맛 어린이 영양 젤리 30p, 600g, 3개</span></div><div style="display: flex; flex-direction: row; -webkit-box-sizing: border-box; min-width: fit-content; width: fit-content; margin: 0px 0px 4px 0px; align-items: center"><div style="-webkit-line-clamp: 1; overflow: hidden; display: -webkit-box!important; -webkit-box-orient: vertical; min-width: fit-content; width: fit-content; margin: 0px 4px 0px 0px"><span style="font-size: 14px; font-weight: bold; color: rgba(203, 20, 0, 1); word-break: break-all; vertical-align: middle">125,600원</span></div></div><div style="display: flex; flex-direction: column; min-width: fit-content; width: fit-content; margin: 0px 0px 4px 0px"></div><div style="display: flex; flex-direction: row; -webkit-box-sizing: border-box; min-width: fit-content; width: fit-content"></div><div style="display: flex; flex-direction: row; -webkit-box-sizing: border-box; min-width: fit-content; width: fit-content; align-items: flex-end"><div style="display: flex; min-width: fit-content; width: fit-content; height: 13px; min-height: 13px; margin: 0px 2px 0px 0px"><span style="display: block; background-image: url(//static.coupangcdn.com/image/cmg/common/rating-star/RDS.png); background-repeat: no-repeat; width: 60px; height: 12px; background-size: 60px 24px; background-position: 0 -12px"><em style="display: block; background-image: url(//static.coupangcdn.com/image/cmg/common/rating-star/RDS.png); background-repeat: no-repeat; width: 100%; height: 12px; background-size: 60px 24px; background-position: 0 0"></em></span></div><div style="-webkit-line-clamp: 1; overflow: hidden; display: -webkit-box!important; -webkit-box-orient: vertical; min-width: fit-content; width: fit-content"><span style="font-size: 12px; font-weight: normal; color: rgba(118, 134, 149, 1); word-break: break-all; vertical-align: middle">(516)</span></div></div></div><div style="display: flex; flex-direction: column; width: 1px; min-width: 1px; align-self: stretch; margin: 0px 0px 16px 0px; background-color: rgba(238, 238, 238, 1)"></div></div><div style="display: flex; flex-direction: row; -webkit-box-sizing: border-box; min-width: fit-content; width: fit-content; margin: 0px 12px 0px 0px"><div style="display: flex; flex-direction: column; width: 124px; min-width: 124px; margin: 0px 12px 16px 0px" class="cmg-dco-carousel-item cmg-dco-carousel-product hover-style-E view-logged" data-adsplatform="{&quot;viewImpression&quot;: &quot;https://mercury.coupang.com/e.gif?r=8ee01c20-990a-11f0-a8e0-44e46dac208c%7E2&amp;templateId=5177&quot;}"><div style="width: 124px; min-width: 124px; height: 124px;min-height: 124px; margin: 0px 0px 8px 0px; overflow: hidden"><img src="https://thumbnail11.coupangcdn.com/thumbnails/remote/292x292q65ex/image/retail/images/57578242610035-aad9d44d-e77d-452a-b707-9a7ecca65b77.jpg" style="vertical-align: top; height: 100%; object-fit: contain; border-radius: 0px 0px 0px 0px; " class="main-image"></div><div style="-webkit-line-clamp: 2; overflow: hidden; display: -webkit-box!important; -webkit-box-orient: vertical; width: 100%;; margin: 0px 0px 4px 0px"><span style="font-size: 14px; font-weight: normal; color: rgba(33, 43, 54, 1); word-break: break-all; vertical-align: middle" class="product-title">알도르플레이 베어 젤리 100개입, 700g, 2개</span></div><div style="display: flex; flex-direction: row; -webkit-box-sizing: border-box; min-width: fit-content; width: fit-content; margin: 0px 0px 4px 0px; align-items: center"><div style="-webkit-line-clamp: 1; overflow: hidden; display: -webkit-box!important; -webkit-box-orient: vertical; min-width: fit-content; width: fit-content; margin: 0px 4px 0px 0px"><span style="font-size: 14px; font-weight: bold; color: rgba(203, 20, 0, 1); word-break: break-all; vertical-align: middle">17,250원</span></div></div><div style="display: flex; flex-direction: column; min-width: fit-content; width: fit-content; margin: 0px 0px 4px 0px"></div><div style="display: flex; flex-direction: row; -webkit-box-sizing: border-box; min-width: fit-content; width: fit-content"></div><div style="min-width: fit-content; width: fit-content; height: 18px;min-height: 18px; padding: 0px 0px 2px 0px; margin: 0px 2px 0px 0px; overflow: hidden"><img src="http://image4.coupangcdn.com/image/coupang/rds/logo/xxxhdpi/logo_rocket_medium.png" style="vertical-align: top; height: 100%; object-fit: contain; border-radius: 0px 0px 0px 0px; "></div><div style="display: flex; flex-direction: row; -webkit-box-sizing: border-box; min-width: fit-content; width: fit-content; align-items: flex-end"><div style="display: flex; min-width: fit-content; width: fit-content; height: 13px; min-height: 13px; margin: 0px 2px 0px 0px"><span style="display: block; background-image: url(//static.coupangcdn.com/image/cmg/common/rating-star/RDS.png); background-repeat: no-repeat; width: 60px; height: 12px; background-size: 60px 24px; background-position: 0 -12px"><em style="display: block; background-image: url(//static.coupangcdn.com/image/cmg/common/rating-star/RDS.png); background-repeat: no-repeat; width: 90%; height: 12px; background-size: 60px 24px; background-position: 0 0"></em></span></div><div style="-webkit-line-clamp: 1; overflow: hidden; display: -webkit-box!important; -webkit-box-orient: vertical; min-width: fit-content; width: fit-content"><span style="font-size: 12px; font-weight: normal; color: rgba(118, 134, 149, 1); word-break: break-all; vertical-align: middle">(4,748)</span></div></div></div><div style="display: flex; flex-direction: column; width: 1px; min-width: 1px; align-self: stretch; margin: 0px 0px 16px 0px; background-color: rgba(238, 238, 238, 1)"></div></div><div style="display: flex; flex-direction: row; -webkit-box-sizing: border-box; min-width: fit-content; width: fit-content; margin: 0px 12px 0px 0px"><div style="display: flex; flex-direction: column; width: 124px; min-width: 124px; margin: 0px 12px 16px 0px" class="cmg-dco-carousel-item cmg-dco-carousel-product hover-style-E view-logged" data-adsplatform="{&quot;viewImpression&quot;: &quot;https://mercury.coupang.com/e.gif?r=8ee01c20-990a-11f0-a70f-32e0f8f1effc%7E2&amp;templateId=5177&quot;}"><div style="width: 124px; min-width: 124px; height: 124px;min-height: 124px; margin: 0px 0px 8px 0px; overflow: hidden"><img src="https://thumbnail11.coupangcdn.com/thumbnails/remote/292x292q65ex/image/vendor_inventory/92dc/503da3453bea8c04c08457d5c6e56f06183cc94b2af5bf169242247180ee.png" style="vertical-align: top; height: 100%; object-fit: contain; border-radius: 0px 0px 0px 0px; " class="main-image"></div><div style="-webkit-line-clamp: 100; overflow: hidden; display: -webkit-box!important; -webkit-box-orient: vertical; min-width: fit-content; width: fit-content; padding: 0px 0px 6px 0px"><span style="font-size: 12px; font-weight: bold; color: rgba(99, 115, 129, 1); word-break: break-all; vertical-align: middle">무료배송</span></div><div style="-webkit-line-clamp: 2; overflow: hidden; display: -webkit-box!important; -webkit-box-orient: vertical; width: 100%;; margin: 0px 0px 4px 0px"><span style="font-size: 14px; font-weight: normal; color: rgba(33, 43, 54, 1); word-break: break-all; vertical-align: middle" class="product-title">확깨라잠 비타민 졸음캔디 츄어블 50정 스위트 베리믹스맛 무설탕 졸음사탕 졸음방지 졸음번쩍 사탕 수험생필수품, 3개, 100g</span></div><div style="display: flex; flex-direction: row; -webkit-box-sizing: border-box; min-width: fit-content; width: fit-content; margin: 0px 0px 4px 0px; align-items: center"><div style="-webkit-line-clamp: 1; overflow: hidden; display: -webkit-box!important; -webkit-box-orient: vertical; min-width: fit-content; width: fit-content; margin: 0px 4px 0px 0px"><span style="font-size: 14px; font-weight: bold; color: rgba(203, 20, 0, 1); word-break: break-all; vertical-align: middle">13,800원</span></div></div><div style="display: flex; flex-direction: column; min-width: fit-content; width: fit-content; margin: 0px 0px 4px 0px"></div><div style="display: flex; flex-direction: row; -webkit-box-sizing: border-box; min-width: fit-content; width: fit-content"></div><div style="display: flex; flex-direction: row; -webkit-box-sizing: border-box; min-width: fit-content; width: fit-content; align-items: flex-end"><div style="display: flex; min-width: fit-content; width: fit-content; height: 13px; min-height: 13px; margin: 0px 2px 0px 0px"><span style="display: block; background-image: url(//static.coupangcdn.com/image/cmg/common/rating-star/RDS.png); background-repeat: no-repeat; width: 60px; height: 12px; background-size: 60px 24px; background-position: 0 -12px"><em style="display: block; background-image: url(//static.coupangcdn.com/image/cmg/common/rating-star/RDS.png); background-repeat: no-repeat; width: 90%; height: 12px; background-size: 60px 24px; background-position: 0 0"></em></span></div><div style="-webkit-line-clamp: 1; overflow: hidden; display: -webkit-box!important; -webkit-box-orient: vertical; min-width: fit-content; width: fit-content"><span style="font-size: 12px; font-weight: normal; color: rgba(118, 134, 149, 1); word-break: break-all; vertical-align: middle">(81)</span></div></div></div><div style="display: flex; flex-direction: column; width: 1px; min-width: 1px; align-self: stretch; margin: 0px 0px 16px 0px; background-color: rgba(238, 238, 238, 1)"></div></div><div style="display: flex; flex-direction: row; -webkit-box-sizing: border-box; min-width: fit-content; width: fit-content; margin: 0px 12px 0px 0px"><div style="display: flex; flex-direction: column; width: 124px; min-width: 124px; margin: 0px 12px 16px 0px" class="cmg-dco-carousel-item cmg-dco-carousel-product hover-style-E view-logged" data-adsplatform="{&quot;viewImpression&quot;: &quot;https://mercury.coupang.com/e.gif?r=8ee01c20-990a-11f0-8f2e-9026d29c3ed9%7E2&amp;templateId=5177&quot;}"><div style="width: 124px; min-width: 124px; height: 124px;min-height: 124px; margin: 0px 0px 8px 0px; overflow: hidden"><img src="https://thumbnail8.coupangcdn.com/thumbnails/remote/292x292q65ex/image/vendor_inventory/c29e/16e0dd0c725d5e356e207b331eb1c8b41b0c97cbd26675f0c3cc8cde3c3e.jpg" style="vertical-align: top; height: 100%; object-fit: contain; border-radius: 0px 0px 0px 0px; " class="main-image"></div><div style="-webkit-line-clamp: 100; overflow: hidden; display: -webkit-box!important; -webkit-box-orient: vertical; min-width: fit-content; width: fit-content; padding: 0px 0px 6px 0px"><span style="font-size: 12px; font-weight: bold; color: rgba(99, 115, 129, 1); word-break: break-all; vertical-align: middle">무료배송</span></div><div style="-webkit-line-clamp: 2; overflow: hidden; display: -webkit-box!important; -webkit-box-orient: vertical; width: 100%;; margin: 0px 0px 4px 0px"><span style="font-size: 14px; font-weight: normal; color: rgba(33, 43, 54, 1); word-break: break-all; vertical-align: middle" class="product-title">이뮤젠트 배도라지캔디 지관통 약 35개입 환절기 배 모과 프로폴리스 사탕 도라지 캔디, 2개, 140g</span></div><div style="display: flex; flex-direction: row; -webkit-box-sizing: border-box; min-width: fit-content; width: fit-content; margin: 0px 0px 4px 0px; align-items: center"><div style="-webkit-line-clamp: 1; overflow: hidden; display: -webkit-box!important; -webkit-box-orient: vertical; min-width: fit-content; width: fit-content; margin: 0px 4px 0px 0px"><span style="font-size: 14px; font-weight: bold; color: rgba(203, 20, 0, 1); word-break: break-all; vertical-align: middle">16,520원</span></div></div><div style="display: flex; flex-direction: column; min-width: fit-content; width: fit-content; margin: 0px 0px 4px 0px"></div><div style="display: flex; flex-direction: row; -webkit-box-sizing: border-box; min-width: fit-content; width: fit-content"><div style="display: flex; flex-direction: row; -webkit-box-sizing: border-box; min-width: fit-content; width: fit-content; height: 16px; min-height: 16px; padding: 0px 4px 1px 4px; margin: 0px 0px 6px 0px; background-color: rgba(225, 39, 5, 1); border-radius: 4px 4px 4px 4px; align-items: center"><div style="-webkit-line-clamp: 1; overflow: hidden; display: -webkit-box!important; -webkit-box-orient: vertical; min-width: fit-content; width: fit-content; margin: 0px 2px 0px 0px"><span style="font-size: 11px; font-weight: bold; color: rgba(255, 255, 255, 1); word-break: break-all; vertical-align: middle">52%</span></div><div style="-webkit-line-clamp: 1; overflow: hidden; display: -webkit-box!important; -webkit-box-orient: vertical; min-width: fit-content; width: fit-content"><span style="font-size: 11px; font-weight: bold; color: rgba(255, 255, 255, 1); word-break: break-all; vertical-align: middle">할인</span></div></div></div><div style="display: flex; flex-direction: row; -webkit-box-sizing: border-box; min-width: fit-content; width: fit-content; align-items: flex-end"><div style="display: flex; min-width: fit-content; width: fit-content; height: 13px; min-height: 13px; margin: 0px 2px 0px 0px"><span style="display: block; background-image: url(//static.coupangcdn.com/image/cmg/common/rating-star/RDS.png); background-repeat: no-repeat; width: 60px; height: 12px; background-size: 60px 24px; background-position: 0 -12px"><em style="display: block; background-image: url(//static.coupangcdn.com/image/cmg/common/rating-star/RDS.png); background-repeat: no-repeat; width: 100%; height: 12px; background-size: 60px 24px; background-position: 0 0"></em></span></div><div style="-webkit-line-clamp: 1; overflow: hidden; display: -webkit-box!important; -webkit-box-orient: vertical; min-width: fit-content; width: fit-content"><span style="font-size: 12px; font-weight: normal; color: rgba(118, 134, 149, 1); word-break: break-all; vertical-align: middle">(26)</span></div></div></div><div style="display: flex; flex-direction: column; width: 1px; min-width: 1px; align-self: stretch; margin: 0px 0px 16px 0px; background-color: rgba(238, 238, 238, 1)"></div></div><div style="display: flex; flex-direction: row; -webkit-box-sizing: border-box; min-width: fit-content; width: fit-content; margin: 0px 12px 0px 0px"><div style="display: flex; flex-direction: column; width: 124px; min-width: 124px; margin: 0px 12px 16px 0px" class="cmg-dco-carousel-item cmg-dco-carousel-product hover-style-E view-logged" data-adsplatform="{&quot;viewImpression&quot;: &quot;https://mercury.coupang.com/e.gif?r=8ee01c20-990a-11f0-8987-8358b8a4ddaf%7E2&amp;templateId=5177&quot;}"><div style="width: 124px; min-width: 124px; height: 124px;min-height: 124px; margin: 0px 0px 8px 0px; overflow: hidden"><img src="https://thumbnail10.coupangcdn.com/thumbnails/remote/292x292q65ex/image/vendor_inventory/image_audit/prod/b6e63015-33f0-4784-aed1-afb84efff9ba_esrgan_tuned_1.png" style="vertical-align: top; height: 100%; object-fit: contain; border-radius: 0px 0px 0px 0px; " class="main-image"></div><div style="-webkit-line-clamp: 2; overflow: hidden; display: -webkit-box!important; -webkit-box-orient: vertical; width: 100%;; margin: 0px 0px 4px 0px"><span style="font-size: 14px; font-weight: normal; color: rgba(33, 43, 54, 1); word-break: break-all; vertical-align: middle" class="product-title">코스트코 센트룸 칼슘+비타민D미니, 180정, 1개</span></div><div style="display: flex; flex-direction: row; -webkit-box-sizing: border-box; min-width: fit-content; width: fit-content; margin: 0px 0px 4px 0px; align-items: center"><div style="-webkit-line-clamp: 1; overflow: hidden; display: -webkit-box!important; -webkit-box-orient: vertical; min-width: fit-content; width: fit-content; margin: 0px 4px 0px 0px"><span style="font-size: 14px; font-weight: bold; color: rgba(203, 20, 0, 1); word-break: break-all; vertical-align: middle">16,990원</span></div></div><div style="display: flex; flex-direction: column; min-width: fit-content; width: fit-content; margin: 0px 0px 4px 0px"></div><div style="display: flex; flex-direction: row; -webkit-box-sizing: border-box; min-width: fit-content; width: fit-content"><div style="display: flex; flex-direction: row; -webkit-box-sizing: border-box; min-width: fit-content; width: fit-content; height: 16px; min-height: 16px; padding: 0px 4px 1px 4px; margin: 0px 0px 6px 0px; background-color: rgba(225, 39, 5, 1); border-radius: 4px 4px 4px 4px; align-items: center"><div style="-webkit-line-clamp: 1; overflow: hidden; display: -webkit-box!important; -webkit-box-orient: vertical; min-width: fit-content; width: fit-content; margin: 0px 2px 0px 0px"><span style="font-size: 11px; font-weight: bold; color: rgba(255, 255, 255, 1); word-break: break-all; vertical-align: middle">4%</span></div><div style="-webkit-line-clamp: 1; overflow: hidden; display: -webkit-box!important; -webkit-box-orient: vertical; min-width: fit-content; width: fit-content"><span style="font-size: 11px; font-weight: bold; color: rgba(255, 255, 255, 1); word-break: break-all; vertical-align: middle">할인</span></div></div></div><div style="display: flex; flex-direction: row; -webkit-box-sizing: border-box; min-width: fit-content; width: fit-content; align-items: flex-end"><div style="display: flex; min-width: fit-content; width: fit-content; height: 13px; min-height: 13px; margin: 0px 2px 0px 0px"><span style="display: block; background-image: url(//static.coupangcdn.com/image/cmg/common/rating-star/RDS.png); background-repeat: no-repeat; width: 60px; height: 12px; background-size: 60px 24px; background-position: 0 -12px"><em style="display: block; background-image: url(//static.coupangcdn.com/image/cmg/common/rating-star/RDS.png); background-repeat: no-repeat; width: 100%; height: 12px; background-size: 60px 24px; background-position: 0 0"></em></span></div><div style="-webkit-line-clamp: 1; overflow: hidden; display: -webkit-box!important; -webkit-box-orient: vertical; min-width: fit-content; width: fit-content"><span style="font-size: 12px; font-weight: normal; color: rgba(118, 134, 149, 1); word-break: break-all; vertical-align: middle">(4,200)</span></div></div></div><div style="display: flex; flex-direction: column; width: 1px; min-width: 1px; align-self: stretch; margin: 0px 0px 16px 0px; background-color: rgba(238, 238, 238, 1)"></div></div><div style="display: flex; flex-direction: row; -webkit-box-sizing: border-box; min-width: fit-content; width: fit-content; margin: 0px 12px 0px 0px"><div style="display: flex; flex-direction: column; width: 124px; min-width: 124px; margin: 0px 12px 16px 0px" class="cmg-dco-carousel-item cmg-dco-carousel-product hover-style-E view-logged" data-adsplatform="{&quot;viewImpression&quot;: &quot;https://mercury.coupang.com/e.gif?r=8ee04330-990a-11f0-8023-68eb0f1f072e%7E2&amp;templateId=5177&quot;}"><div style="width: 124px; min-width: 124px; height: 124px;min-height: 124px; margin: 0px 0px 8px 0px; overflow: hidden"><img src="https://thumbnail2.coupangcdn.com/thumbnails/remote/292x292q65ex/image/vendor_inventory/aa4c/9fb979685c8ba1cb6ada3c7964edcc16204e29fe44aaf7ca89401b9c1aee.jpg" style="vertical-align: top; height: 100%; object-fit: contain; border-radius: 0px 0px 0px 0px; " class="main-image"></div><div style="-webkit-line-clamp: 100; overflow: hidden; display: -webkit-box!important; -webkit-box-orient: vertical; min-width: fit-content; width: fit-content; padding: 0px 0px 6px 0px"><span style="font-size: 12px; font-weight: bold; color: rgba(99, 115, 129, 1); word-break: break-all; vertical-align: middle">무료배송</span></div><div style="-webkit-line-clamp: 2; overflow: hidden; display: -webkit-box!important; -webkit-box-orient: vertical; width: 100%;; margin: 0px 0px 4px 0px"><span style="font-size: 14px; font-weight: normal; color: rgba(33, 43, 54, 1); word-break: break-all; vertical-align: middle" class="product-title">자미에슨 키즈 어린이 츄어블(씹어서 섭취 가능한) 비타민D 400 IU 맛있는 딸기맛 100정 3개월분 Jamieson VITAMIN D3 | KIDS 뼈와 치아건강 면역력, 1개</span></div><div style="display: flex; flex-direction: row; -webkit-box-sizing: border-box; min-width: fit-content; width: fit-content; margin: 0px 0px 4px 0px; align-items: center"><div style="-webkit-line-clamp: 1; overflow: hidden; display: -webkit-box!important; -webkit-box-orient: vertical; min-width: fit-content; width: fit-content; margin: 0px 4px 0px 0px"><span style="font-size: 14px; font-weight: bold; color: rgba(203, 20, 0, 1); word-break: break-all; vertical-align: middle">14,200원</span></div></div><div style="display: flex; flex-direction: column; min-width: fit-content; width: fit-content; margin: 0px 0px 4px 0px"></div><div style="display: flex; flex-direction: row; -webkit-box-sizing: border-box; min-width: fit-content; width: fit-content"></div><div style="display: flex; flex-direction: row; -webkit-box-sizing: border-box; min-width: fit-content; width: fit-content; align-items: flex-end"><div style="display: flex; min-width: fit-content; width: fit-content; height: 13px; min-height: 13px; margin: 0px 2px 0px 0px"><span style="display: block; background-image: url(//static.coupangcdn.com/image/cmg/common/rating-star/RDS.png); background-repeat: no-repeat; width: 60px; height: 12px; background-size: 60px 24px; background-position: 0 -12px"><em style="display: block; background-image: url(//static.coupangcdn.com/image/cmg/common/rating-star/RDS.png); background-repeat: no-repeat; width: 100%; height: 12px; background-size: 60px 24px; background-position: 0 0"></em></span></div><div style="-webkit-line-clamp: 1; overflow: hidden; display: -webkit-box!important; -webkit-box-orient: vertical; min-width: fit-content; width: fit-content"><span style="font-size: 12px; font-weight: normal; color: rgba(118, 134, 149, 1); word-break: break-all; vertical-align: middle">(7)</span></div></div></div><div style="display: flex; flex-direction: column; width: 1px; min-width: 1px; align-self: stretch; margin: 0px 0px 16px 0px; background-color: rgba(238, 238, 238, 1)"></div></div><div style="display: flex; flex-direction: row; -webkit-box-sizing: border-box; min-width: fit-content; width: fit-content; margin: 0px 12px 0px 0px"><div style="display: flex; flex-direction: column; width: 124px; min-width: 124px; margin: 0px 12px 16px 0px" class="cmg-dco-carousel-item cmg-dco-carousel-product hover-style-E view-logged" data-adsplatform="{&quot;viewImpression&quot;: &quot;https://mercury.coupang.com/e.gif?r=8ee04330-990a-11f0-8f6e-08afe772d2ff%7E2&amp;templateId=5177&quot;}"><div style="width: 124px; min-width: 124px; height: 124px;min-height: 124px; margin: 0px 0px 8px 0px; overflow: hidden"><img src="https://thumbnail10.coupangcdn.com/thumbnails/remote/292x292q65ex/image/vendor_inventory/45ed/ea2af551c04eacce81f93963f86abe91120f81a3609f65222db37ff07c5a.jpg" style="vertical-align: top; height: 100%; object-fit: contain; border-radius: 0px 0px 0px 0px; " class="main-image"></div><div style="-webkit-line-clamp: 100; overflow: hidden; display: -webkit-box!important; -webkit-box-orient: vertical; min-width: fit-content; width: fit-content; padding: 0px 0px 6px 0px"><span style="font-size: 12px; font-weight: bold; color: rgba(99, 115, 129, 1); word-break: break-all; vertical-align: middle">무료배송</span></div><div style="-webkit-line-clamp: 2; overflow: hidden; display: -webkit-box!important; -webkit-box-orient: vertical; width: 100%;; margin: 0px 0px 4px 0px"><span style="font-size: 14px; font-weight: normal; color: rgba(33, 43, 54, 1); word-break: break-all; vertical-align: middle" class="product-title">더팜 쑥쑥 아르기닌 15포 x 2박스 (1개월분) 편식으로 고른 영양 섭취가 부족한 우리 아이!, 1세트, 0.6g</span></div><div style="display: flex; flex-direction: row; -webkit-box-sizing: border-box; min-width: fit-content; width: fit-content; margin: 0px 0px 4px 0px; align-items: center"><div style="-webkit-line-clamp: 1; overflow: hidden; display: -webkit-box!important; -webkit-box-orient: vertical; min-width: fit-content; width: fit-content; margin: 0px 4px 0px 0px"><span style="font-size: 14px; font-weight: bold; color: rgba(203, 20, 0, 1); word-break: break-all; vertical-align: middle">33,480원</span></div></div><div style="display: flex; flex-direction: column; min-width: fit-content; width: fit-content; margin: 0px 0px 4px 0px"></div><div style="display: flex; flex-direction: row; -webkit-box-sizing: border-box; min-width: fit-content; width: fit-content"></div><div style="display: flex; flex-direction: row; -webkit-box-sizing: border-box; min-width: fit-content; width: fit-content; align-items: flex-end"><div style="display: flex; min-width: fit-content; width: fit-content; height: 13px; min-height: 13px; margin: 0px 2px 0px 0px"><span style="display: block; background-image: url(//static.coupangcdn.com/image/cmg/common/rating-star/RDS.png); background-repeat: no-repeat; width: 60px; height: 12px; background-size: 60px 24px; background-position: 0 -12px"><em style="display: block; background-image: url(//static.coupangcdn.com/image/cmg/common/rating-star/RDS.png); background-repeat: no-repeat; width: 100%; height: 12px; background-size: 60px 24px; background-position: 0 0"></em></span></div><div style="-webkit-line-clamp: 1; overflow: hidden; display: -webkit-box!important; -webkit-box-orient: vertical; min-width: fit-content; width: fit-content"><span style="font-size: 12px; font-weight: normal; color: rgba(118, 134, 149, 1); word-break: break-all; vertical-align: middle">(128)</span></div></div></div><div style="display: flex; flex-direction: column; width: 1px; min-width: 1px; align-self: stretch; margin: 0px 0px 16px 0px; background-color: rgba(238, 238, 238, 1)"></div></div><div style="display: flex; flex-direction: row; -webkit-box-sizing: border-box; min-width: fit-content; width: fit-content; margin: 0px 12px 0px 0px"><div style="display: flex; flex-direction: column; width: 124px; min-width: 124px; margin: 0px 12px 16px 0px" class="cmg-dco-carousel-item cmg-dco-carousel-product hover-style-E view-logged" data-adsplatform="{&quot;viewImpression&quot;: &quot;https://mercury.coupang.com/e.gif?r=8ee04330-990a-11f0-820f-67fdbb660fda%7E2&amp;templateId=5177&quot;}"><div style="width: 124px; min-width: 124px; height: 124px;min-height: 124px; margin: 0px 0px 8px 0px; overflow: hidden"><img src="https://thumbnail14.coupangcdn.com/thumbnails/remote/292x292q65ex/image/vendor_inventory/4927/cf8fecc3a671f565d765220ccd015ad26974bede0d86da936c43cfd086ae.jpg" style="vertical-align: top; height: 100%; object-fit: contain; border-radius: 0px 0px 0px 0px; " class="main-image"></div><div style="-webkit-line-clamp: 2; overflow: hidden; display: -webkit-box!important; -webkit-box-orient: vertical; width: 100%;; margin: 0px 0px 4px 0px"><span style="font-size: 14px; font-weight: normal; color: rgba(33, 43, 54, 1); word-break: break-all; vertical-align: middle" class="product-title">임팩트민트 카카오프렌즈 캔디 프레쉬 민트 6p, 15g, 6개</span></div><div style="display: flex; flex-direction: row; -webkit-box-sizing: border-box; min-width: fit-content; width: fit-content; margin: 0px 0px 4px 0px; align-items: center"><div style="-webkit-line-clamp: 1; overflow: hidden; display: -webkit-box!important; -webkit-box-orient: vertical; min-width: fit-content; width: fit-content; margin: 0px 4px 0px 0px"><span style="font-size: 14px; font-weight: bold; color: rgba(203, 20, 0, 1); word-break: break-all; vertical-align: middle">23,900원</span></div></div><div style="display: flex; flex-direction: column; min-width: fit-content; width: fit-content; margin: 0px 0px 4px 0px"></div><div style="display: flex; flex-direction: row; -webkit-box-sizing: border-box; min-width: fit-content; width: fit-content"><div style="display: flex; flex-direction: row; -webkit-box-sizing: border-box; min-width: fit-content; width: fit-content; height: 16px; min-height: 16px; padding: 0px 4px 1px 4px; margin: 0px 0px 6px 0px; background-color: rgba(225, 39, 5, 1); border-radius: 4px 4px 4px 4px; align-items: center"><div style="-webkit-line-clamp: 1; overflow: hidden; display: -webkit-box!important; -webkit-box-orient: vertical; min-width: fit-content; width: fit-content; margin: 0px 2px 0px 0px"><span style="font-size: 11px; font-weight: bold; color: rgba(255, 255, 255, 1); word-break: break-all; vertical-align: middle">27%</span></div><div style="-webkit-line-clamp: 1; overflow: hidden; display: -webkit-box!important; -webkit-box-orient: vertical; min-width: fit-content; width: fit-content"><span style="font-size: 11px; font-weight: bold; color: rgba(255, 255, 255, 1); word-break: break-all; vertical-align: middle">할인</span></div></div></div><div style="min-width: fit-content; width: fit-content; height: 18px;min-height: 18px; padding: 0px 0px 2px 0px; margin: 0px 2px 0px 0px; overflow: hidden"><img src="http://image5.coupangcdn.com/image/coupang/rds/logo/xxxhdpi/logo_rocket_merchant_medium_v3_r3.png" style="vertical-align: top; height: 100%; object-fit: contain; border-radius: 0px 0px 0px 0px; "></div><div style="display: flex; flex-direction: row; -webkit-box-sizing: border-box; min-width: fit-content; width: fit-content; align-items: flex-end"><div style="display: flex; min-width: fit-content; width: fit-content; height: 13px; min-height: 13px; margin: 0px 2px 0px 0px"><span style="display: block; background-image: url(//static.coupangcdn.com/image/cmg/common/rating-star/RDS.png); background-repeat: no-repeat; width: 60px; height: 12px; background-size: 60px 24px; background-position: 0 -12px"><em style="display: block; background-image: url(//static.coupangcdn.com/image/cmg/common/rating-star/RDS.png); background-repeat: no-repeat; width: 100%; height: 12px; background-size: 60px 24px; background-position: 0 0"></em></span></div><div style="-webkit-line-clamp: 1; overflow: hidden; display: -webkit-box!important; -webkit-box-orient: vertical; min-width: fit-content; width: fit-content"><span style="font-size: 12px; font-weight: normal; color: rgba(118, 134, 149, 1); word-break: break-all; vertical-align: middle">(313)</span></div></div></div><div style="display: flex; flex-direction: column; width: 1px; min-width: 1px; align-self: stretch; margin: 0px 0px 16px 0px; background-color: rgba(238, 238, 238, 1)"></div></div><div style="display: flex; flex-direction: row; -webkit-box-sizing: border-box; min-width: fit-content; width: fit-content; margin: 0px 12px 0px 0px"><div style="display: flex; flex-direction: column; width: 124px; min-width: 124px; margin: 0px 12px 16px 0px" class="cmg-dco-carousel-item cmg-dco-carousel-product hover-style-E view-logged" data-adsplatform="{&quot;viewImpression&quot;: &quot;https://mercury.coupang.com/e.gif?r=8ee04330-990a-11f0-9686-ec761175c24d%7E2&amp;templateId=5177&quot;}"><div style="width: 124px; min-width: 124px; height: 124px;min-height: 124px; margin: 0px 0px 8px 0px; overflow: hidden"><img src="https://thumbnail15.coupangcdn.com/thumbnails/remote/292x292q65ex/image/vendor_inventory/c7fb/2ce3707fa502bd90dc5c30cc98b731a21b1c5bda87ad002f37c89194b368.jpg" style="vertical-align: top; height: 100%; object-fit: contain; border-radius: 0px 0px 0px 0px; " class="main-image"></div><div style="-webkit-line-clamp: 100; overflow: hidden; display: -webkit-box!important; -webkit-box-orient: vertical; min-width: fit-content; width: fit-content; padding: 0px 0px 6px 0px"><span style="font-size: 12px; font-weight: bold; color: rgba(99, 115, 129, 1); word-break: break-all; vertical-align: middle">무료배송</span></div><div style="-webkit-line-clamp: 2; overflow: hidden; display: -webkit-box!important; -webkit-box-orient: vertical; width: 100%;; margin: 0px 0px 4px 0px"><span style="font-size: 14px; font-weight: normal; color: rgba(33, 43, 54, 1); word-break: break-all; vertical-align: middle" class="product-title">무설탕 수제 장인 자일리톨 팝 캔디 사탕 대용량 리필팩 샤인머스캣, 1개, 150g</span></div><div style="display: flex; flex-direction: row; -webkit-box-sizing: border-box; min-width: fit-content; width: fit-content; margin: 0px 0px 4px 0px; align-items: center"><div style="-webkit-line-clamp: 1; overflow: hidden; display: -webkit-box!important; -webkit-box-orient: vertical; min-width: fit-content; width: fit-content; margin: 0px 4px 0px 0px"><span style="font-size: 14px; font-weight: bold; color: rgba(203, 20, 0, 1); word-break: break-all; vertical-align: middle">14,600원</span></div></div><div style="display: flex; flex-direction: column; min-width: fit-content; width: fit-content; margin: 0px 0px 4px 0px"></div><div style="display: flex; flex-direction: row; -webkit-box-sizing: border-box; min-width: fit-content; width: fit-content"></div><div style="display: flex; flex-direction: row; -webkit-box-sizing: border-box; min-width: fit-content; width: fit-content; align-items: flex-end"><div style="display: flex; min-width: fit-content; width: fit-content; height: 13px; min-height: 13px; margin: 0px 2px 0px 0px"><span style="display: block; background-image: url(//static.coupangcdn.com/image/cmg/common/rating-star/RDS.png); background-repeat: no-repeat; width: 60px; height: 12px; background-size: 60px 24px; background-position: 0 -12px"><em style="display: block; background-image: url(//static.coupangcdn.com/image/cmg/common/rating-star/RDS.png); background-repeat: no-repeat; width: 90%; height: 12px; background-size: 60px 24px; background-position: 0 0"></em></span></div><div style="-webkit-line-clamp: 1; overflow: hidden; display: -webkit-box!important; -webkit-box-orient: vertical; min-width: fit-content; width: fit-content"><span style="font-size: 12px; font-weight: normal; color: rgba(118, 134, 149, 1); word-break: break-all; vertical-align: middle">(45)</span></div></div></div><div style="display: flex; flex-direction: column; width: 1px; min-width: 1px; align-self: stretch; margin: 0px 0px 16px 0px; background-color: rgba(238, 238, 238, 1)"></div></div></div></div></div></div></div><div data-value="qna" class="twc-scroll-mt-[49px]"><div id="btf-qna" class="twc-my-[26px] twc-py-[30px] twc-px-[16px] md:twc-px-[40px] twc-border"><div class="header twc-flex twc-justify-between twc-items-center"><h2 class="text-xl twc-scroll-m-20 twc-text-[calc(var(--adjust-font-size)+18px)] twc-pb-2 twc-text-3xl twc-font-bold twc-tracking-tight twc-first:mt-0">상품문의</h2><button class="twc-inline-flex twc-items-center twc-justify-center twc-whitespace-nowrap twc-ring-offset-background twc-transition-colors focus-visible:twc-outline-none focus-visible:twc-ring-1 focus-visible:twc-ring-ring disabled:twc-pointer-events-none disabled:twc-opacity-50 [&amp;_svg]:twc-pointer-events-none [&amp;_svg]:twc-size-6 [&amp;_svg]:twc-shrink-0 twc-border twc-rounded-[2px] twc-border-solid twc-bg-background twc-px-4 twc-py-2 twc-text-secondary-foreground twc-text-[14px] twc-font-bold" type="button" aria-haspopup="dialog" aria-expanded="false" aria-controls="radix-«R12tp9n7rlenb»" data-state="closed">문의하기</button></div><div class="emphasis twc-mt-3 twc-text-[#555] twc-text-[calc(var(--adjust-font-size)+13px)]"><ul><li class="twc-list-disc twc-ml-[16px]">구매한 상품의 <em class="twc-font-bold twc-text-[#111]">취소/반품은 마이쿠팡 구매내역에서 신청</em> 가능합니다.</li><li class="twc-list-disc twc-ml-[16px]">상품문의 및 후기게시판을 통해 취소나 환불, 반품 등은 처리되지 않습니다.</li><li class="twc-list-disc twc-ml-[16px]"><em class="twc-font-bold twc-text-[#111]">가격, 판매자, 교환/환불 및 배송 등 해당 상품 자체와 관련 없는 문의는 고객센터 내 1:1 문의하기</em>를 이용해주세요.</li><li class="twc-list-disc twc-ml-[16px]"><em class="twc-font-bold twc-text-[#111]">"해당 상품 자체"와 관계없는 글, 양도, 광고성, 욕설, 비방, 도배 등의 글은 예고 없이 이동, 노출제한, 삭제 등의 조치가 취해질 수 있습니다.</em></li><li class="twc-list-disc twc-ml-[16px]">공개 게시판이므로 전화번호, 메일 주소 등 고객님의 소중한 개인정보는 절대 남기지 말아주세요.</li></ul></div><div><div class="twc-relative twc-flex twc-items-center twc-p-3 twc-mt-[30px] twc-mb-[16px] twc-bg-[#555]"><input class="twc-pl-3 twc-w-full twc-h-[40px] twc-bg-[#fff] twc-text-[#212b36] twc-text-4 twc-leading-5 !twc-rounded twc-border border-[#c4cdd5]" autocomplete="off" maxlength="30" placeholder="궁금한 내용을 단어나 키워드로 검색하세요." type="text" value=""><span class="twc-absolute twc-right-3 twc-p-[10px] twc-cursor-pointer"><img class="twc-w-[20px] twc-h-[20px]" alt="" loading="lazy" src="//img1a.coupangcdn.com/image/productreview/web/pdp/article/search-btn_v1.png"></span></div></div><div class="list twc-mt-6 twc-divide-y-[1px] twc-border-b"><div><div class="twc-flex twc-gap-3 twc-py-[20px] twc-px-[10px]"><div class="twc-w-fit twc-h-[calc(21.5px+var(--adjust-font-size)*1.5)] twc-bg-[#777] twc-text-white twc-p-[4px] twc-text-[calc(var(--adjust-font-size)+11px)] twc-tracking-[1px] twc-whitespace-nowrap twc-leading-normal">질문</div><div class="twc-w-full twc-pt-[2px] twc-space-y-2"><div class="twc-flex twc-justify-between twc-text-[calc(var(--adjust-font-size)+12px)] twc-text-[#888]"><div>120g | 1세트  주식회사 신세계메디팜</div><div>2025/09/19 13:30:25</div></div><div class="twc-text-[calc(var(--adjust-font-size)+12px)]"><span class="" translate="no">그럼 120g 한세트 50,900원 짜리는 무엇을 말하는 걸까요?<br>몇 g 짜리 몇 개가 들어있는 것인지요?</span></div></div></div><div class="qna twc-flex twc-gap-3 twc-py-[20px] twc-px-[10px] twc-bg-[#FAFAFA]"><div><div class="twc-flex twc-gap-1 twc-items-center"><img class="twc-w-[8px] twc-h-[10px]" alt="reply-icon" loading="lazy" src="https://img1a.coupangcdn.com/image/coupang/product/icon-reply.png"> <div class="twc-w-fit twc-h-[calc(21.5px+var(--adjust-font-size)*1.5)]  twc-bg-[#346aff] twc-text-white twc-p-[4px] twc-text-[calc(var(--adjust-font-size)+11px)] twc-tracking-[1px] twc-whitespace-nowrap twc-leading-normal">답변</div></div></div><div class="twc-w-full twc-pt-[2px] twc-space-y-2"><div class="twc-flex twc-justify-between twc-text-[calc(var(--adjust-font-size)+12px)] "><div class="twc-font-bold">주식회사 신세계메디팜</div><div class="twc-text-[#888]">2025/09/19 13:47:27</div></div><div class="twc-text-[calc(var(--adjust-font-size)+12px)]"><span class="" translate="no">고객님, 유선상으로 말씀드렸습니다.</span></div></div></div></div><div><div class="twc-flex twc-gap-3 twc-py-[20px] twc-px-[10px]"><div class="twc-w-fit twc-h-[calc(21.5px+var(--adjust-font-size)*1.5)] twc-bg-[#777] twc-text-white twc-p-[4px] twc-text-[calc(var(--adjust-font-size)+11px)] twc-tracking-[1px] twc-whitespace-nowrap twc-leading-normal">질문</div><div class="twc-w-full twc-pt-[2px] twc-space-y-2"><div class="twc-flex twc-justify-between twc-text-[calc(var(--adjust-font-size)+12px)] twc-text-[#888]"><div>120g | 1세트  주식회사 신세계메디팜</div><div>2025/09/19 13:28:31</div></div><div class="twc-text-[calc(var(--adjust-font-size)+12px)]"><span class="" translate="no">그럼 120g 한세트 50,900원 짜리는 무엇을 말하는 걸까요?</span></div></div></div><div class="qna twc-flex twc-gap-3 twc-py-[20px] twc-px-[10px] twc-bg-[#FAFAFA]"><div><div class="twc-flex twc-gap-1 twc-items-center"><img class="twc-w-[8px] twc-h-[10px]" alt="reply-icon" loading="lazy" src="https://img1a.coupangcdn.com/image/coupang/product/icon-reply.png"> <div class="twc-w-fit twc-h-[calc(21.5px+var(--adjust-font-size)*1.5)]  twc-bg-[#346aff] twc-text-white twc-p-[4px] twc-text-[calc(var(--adjust-font-size)+11px)] twc-tracking-[1px] twc-whitespace-nowrap twc-leading-normal">답변</div></div></div><div class="twc-w-full twc-pt-[2px] twc-space-y-2"><div class="twc-flex twc-justify-between twc-text-[calc(var(--adjust-font-size)+12px)] "><div class="twc-font-bold">주식회사 신세계메디팜</div><div class="twc-text-[#888]">2025/09/19 13:47:25</div></div><div class="twc-text-[calc(var(--adjust-font-size)+12px)]"><span class="" translate="no">고객님, 유선상으로 말씀드렸습니다.</span></div></div></div></div><div><div class="twc-flex twc-gap-3 twc-py-[20px] twc-px-[10px]"><div class="twc-w-fit twc-h-[calc(21.5px+var(--adjust-font-size)*1.5)] twc-bg-[#777] twc-text-white twc-p-[4px] twc-text-[calc(var(--adjust-font-size)+11px)] twc-tracking-[1px] twc-whitespace-nowrap twc-leading-normal">질문</div><div class="twc-w-full twc-pt-[2px] twc-space-y-2"><div class="twc-flex twc-justify-between twc-text-[calc(var(--adjust-font-size)+12px)] twc-text-[#888]"><div>320g | 1개  주식회사 필즈</div><div>2025/09/19 13:00:36</div></div><div class="twc-text-[calc(var(--adjust-font-size)+12px)]"><span class="" translate="no">320g 한개를 구매하면 10g 짜리 1봉지가 32개 들어있는 것으로 생각하면 될는지요?<br></span></div></div></div><div class="qna twc-flex twc-gap-3 twc-py-[20px] twc-px-[10px] twc-bg-[#FAFAFA]"><div><div class="twc-flex twc-gap-1 twc-items-center"><img class="twc-w-[8px] twc-h-[10px]" alt="reply-icon" loading="lazy" src="https://img1a.coupangcdn.com/image/coupang/product/icon-reply.png"> <div class="twc-w-fit twc-h-[calc(21.5px+var(--adjust-font-size)*1.5)]  twc-bg-[#346aff] twc-text-white twc-p-[4px] twc-text-[calc(var(--adjust-font-size)+11px)] twc-tracking-[1px] twc-whitespace-nowrap twc-leading-normal">답변</div></div></div><div class="twc-w-full twc-pt-[2px] twc-space-y-2"><div class="twc-flex twc-justify-between twc-text-[calc(var(--adjust-font-size)+12px)] "><div class="twc-font-bold">주식회사 필즈</div><div class="twc-text-[#888]">2025/09/19 13:17:13</div></div><div class="twc-text-[calc(var(--adjust-font-size)+12px)]"><span class="" translate="no">안녕하세요 고객님<br>한박스에 40g짜리가 8봉 들어가 있는 겁니다.<br>40x8=총320g 입니다.</span></div></div></div><div class="qna twc-flex twc-gap-3 twc-py-[20px] twc-px-[10px] twc-bg-[#FAFAFA]"><div><div class="twc-flex twc-gap-1 twc-items-center"><img class="twc-w-[8px] twc-h-[10px]" alt="reply-icon" loading="lazy" src="https://img1a.coupangcdn.com/image/coupang/product/icon-reply.png"> <div class="twc-w-fit twc-h-[calc(21.5px+var(--adjust-font-size)*1.5)]  twc-bg-[#346aff] twc-text-white twc-p-[4px] twc-text-[calc(var(--adjust-font-size)+11px)] twc-tracking-[1px] twc-whitespace-nowrap twc-leading-normal">답변</div></div></div><div class="twc-w-full twc-pt-[2px] twc-space-y-2"><div class="twc-flex twc-justify-between twc-text-[calc(var(--adjust-font-size)+12px)] "><div class="twc-font-bold">주식회사 필즈</div><div class="twc-text-[#888]">2025/09/19 13:19:25</div></div><div class="twc-text-[calc(var(--adjust-font-size)+12px)]"><span class="" translate="no">10정 들어가 있습니다.</span></div></div></div></div><div><div class="twc-flex twc-gap-3 twc-py-[20px] twc-px-[10px]"><div class="twc-w-fit twc-h-[calc(21.5px+var(--adjust-font-size)*1.5)] twc-bg-[#777] twc-text-white twc-p-[4px] twc-text-[calc(var(--adjust-font-size)+11px)] twc-tracking-[1px] twc-whitespace-nowrap twc-leading-normal">질문</div><div class="twc-w-full twc-pt-[2px] twc-space-y-2"><div class="twc-flex twc-justify-between twc-text-[calc(var(--adjust-font-size)+12px)] twc-text-[#888]"><div>320g | 1개  주식회사 필즈</div><div>2025/09/12 11:23:40</div></div><div class="twc-text-[calc(var(--adjust-font-size)+12px)]"><span class="" translate="no">며칠전에 구매를 했는데 유통기한만 나와있네요.<br>유통기한 2027년 1월 3일이면 리콜 제품 아닌건가요?</span></div></div></div><div class="qna twc-flex twc-gap-3 twc-py-[20px] twc-px-[10px] twc-bg-[#FAFAFA]"><div><div class="twc-flex twc-gap-1 twc-items-center"><img class="twc-w-[8px] twc-h-[10px]" alt="reply-icon" loading="lazy" src="https://img1a.coupangcdn.com/image/coupang/product/icon-reply.png"> <div class="twc-w-fit twc-h-[calc(21.5px+var(--adjust-font-size)*1.5)]  twc-bg-[#346aff] twc-text-white twc-p-[4px] twc-text-[calc(var(--adjust-font-size)+11px)] twc-tracking-[1px] twc-whitespace-nowrap twc-leading-normal">답변</div></div></div><div class="twc-w-full twc-pt-[2px] twc-space-y-2"><div class="twc-flex twc-justify-between twc-text-[calc(var(--adjust-font-size)+12px)] "><div class="twc-font-bold">주식회사 필즈</div><div class="twc-text-[#888]">2025/09/12 11:57:09</div></div><div class="twc-text-[calc(var(--adjust-font-size)+12px)]"><span class="" translate="no">안녕하세요 고객님<br>고객님께서 말씀하신 제품과 이제품은 다른 제품입니다.<br>고객님께서 말씀하신 제품은 노란색통에 들은 제품을 말씀 하시는 거 같은데 <br>다른제품입니다.</span></div></div></div></div></div><div class="expand twc-mt-4 twc-flex twc-justify-center "><button class="twc-inline-flex twc-items-center twc-justify-center twc-whitespace-nowrap twc-ring-offset-background twc-transition-colors focus-visible:twc-outline-none focus-visible:twc-ring-1 focus-visible:twc-ring-ring disabled:twc-pointer-events-none disabled:twc-opacity-50 [&amp;_svg]:twc-pointer-events-none [&amp;_svg]:twc-size-6 [&amp;_svg]:twc-shrink-0 twc-border twc-rounded-[2px] twc-border-solid twc-bg-background twc-px-4 twc-py-2 twc-py-[10px] twc-px-[92px] twc-text-[#346aff] twc-text-[14px] twc-font-bold"><span>전체보기</span><svg xmlns="http://www.w3.org/2000/svg" width="24" height="24" viewBox="0 0 24 24" fill="none" stroke="currentColor" stroke-width="3" stroke-linecap="round" stroke-linejoin="round" class="lucide lucide-chevron-down"><path d="m6 9 6 6 6-6"></path></svg></button></div><div class="report twc-flex twc-justify-between twc-items-center twc-mt-[30px] twc-py-[15px] twc-px-[13px] twc-bg-[#fafafa] twc-border"><p class="twc-text-[11px] twc-text-[#888] twc-pr-[16px]">판매 부적격 상품 또는 허위과장광고 및 지식재산권을 침해하는 상품의 경우 신고하여 주시기 바랍니다.</p><button class="twc-inline-flex twc-items-center twc-justify-center twc-whitespace-nowrap twc-ring-offset-background twc-transition-colors focus-visible:twc-outline-none focus-visible:twc-ring-1 focus-visible:twc-ring-ring disabled:twc-pointer-events-none disabled:twc-opacity-50 [&amp;_svg]:twc-pointer-events-none [&amp;_svg]:twc-size-6 [&amp;_svg]:twc-shrink-0 twc-border twc-rounded-[2px] twc-border-solid twc-bg-background twc-h-9 twc-px-3 twc-text-[11px] twc-p-0 twc-h-[25px] twc-w-[83px] twc-border-[#ccc]">신고하기</button></div></div></div><div data-value="etc" class="twc-scroll-mt-[49px]"><div class="product-btf-etc-container  twc-scroll-mt-[49px] twc-mt-[40px]" id="sdpEtc"><div><div id="prod-delivery-return-policy-3p"><h5 class="prod-delivery-return-policy-title">배송정보</h5><table class="prod-delivery-return-policy-table return-policy-3p"><tbody><tr><th>배송방법</th><td class="return-policy-delivery-method">순차배송</td><th rowspan="2">배송비</th><td rowspan="2"><span class="" translate="yes">무료배송<br>· 도서산간 추가 배송비<br>- 제주 지역: 3,000원<br>- 도서산간 지역: 5,000원</span></td></tr><tr><th>배송사</th><td>CJ 대한통운</td></tr><tr><th>묶음배송 여부</th><td>가능</td></tr><tr class="return-policy-optional-info"><th>배송기간</th><td colspan="3"><span class="" translate="yes">ㆍ도서산간 지역 등은 배송에 3-5일이 더 소요될 수 있습니다.<br><br> &nbsp;&nbsp;- 천재지변, 물량 수급 변동 등 예외적인 사유 발생 시, 다소 지연될 수 있는 점 양해 부탁드립니다.</span></td></tr></tbody></table><h5 class="prod-delivery-return-policy-title">교환/반품 안내</h5><ul class="prod-delivery-return-policy-legal-notice"><li>ㆍ교환/반품에 관한 일반적인 사항은 판매자가 제시사항보다 관계법령이 우선합니다.<br>다만, 판매자의 제시사항이 관계법령보다 소비자에게 유리한 경우에는 판매자 제시사항이 적용됩니다.</li></ul><table class="prod-delivery-return-policy-table"><tbody><tr><th>교환/반품 비용<br>(왕복비용)</th><td><span class="" translate="yes">6,000원<br>- 단, 고객 변심의 경우에만 발생<br>- 도서산간 및 일부 지역 추가비용 발생<br></span></td></tr><tr><th>교환/반품 신청 기준일</th><td><p>ㆍ단순변심에 의한 교환/반품은 제품 수령 후 7일 이내까지, 교환/반품 제한사항에 해당하지 않는 경우에만 가능 (배송비용과 교환/반품 비용 왕복배송비 고객부담)</p><p>ㆍ상품의 내용이 표시·광고의 내용과 다른 경우에는 상품을 수령한 날부터 3개월 이내, 그 사실을 안 날 또는 알 수 있었던 날부터<br><span class="prod-delivery-return-policy__limit-list__indent">30일 이내에 청약철회 가능</span></p></td></tr></tbody></table><h5 class="prod-delivery-return-policy-title">교환/반품 제한사항</h5><ul class="prod-delivery-return-policy__limit-list"><li>ㆍ주문/제작 상품의 경우, 상품의 제작이 이미 진행된 경우</li><li>ㆍ상품 포장을 개봉하여 사용 또는 설치 완료되어 상품의 가치가 훼손된 경우 (단, 내용 확인을 위한 포장 개봉의 경우는 예외)</li><li>ㆍ고객의 사용, 시간경과, 일부 소비에 의하여 상품의 가치가 현저히 감소한 경우</li><li>ㆍ세트상품 일부 사용, 구성품을 분실하였거나 취급 부주의로 인한 파손/고장/오염으로 재판매 불가한 경우</li><li>ㆍ모니터 해상도의 차이로 인해 색상이나 이미지가 실제와 달라, 고객이 단순 변심으로 교환/반품을 무료로 요청하는 경우</li><li>ㆍ제조사의 사정 (신모델 출시 등) 및 부품 가격 변동 등에 의해 무료 교환/반품으로 요청하는 경우</li></ul><p class="prod-delivery-return-policy__limit-text">※ 각 상품별로 아래와 같은 사유로 취소/반품이 제한될 수 있습니다.</p><table class="prod-delivery-return-policy-table"><tbody><tr><th>의류/잡화/수입명품</th><td><p>⋅ 상품의 택(TAG) 및 라벨의 멸실 또는 훼손, 상품의 사용 또는 훼손, 구성품 누락으로 상품의 가치가 현저히 감소된 경우</p></td></tr><tr><th>계절상품/식품/화장품</th><td><p>ㆍ신선/냉장/냉동 상품의 단순변심의 경우</p><p>ㆍ뷰티 상품 이용 시 트러블(알러지, 붉은 반점, 가려움, 따가움)이 발생하는 경우,<br><span class="prod-delivery-return-policy__limit-list__indent">진료 확인서 및 소견서 등을 증빙하면 환불이 가능 (제반비용 고객부담)</span></p></td></tr><tr><th>전자/가전/설치상품</th><td><p>ㆍ설치 또는 사용하여 재판매가 어려운 경우</p><p>ㆍ상품의 시리얼 넘버 유출로 내장된 소프트웨어의 가치가 감소한 경우 (내비게이션, OS시리얼이 적힌 PMP)</p><p>ㆍ홀로그램 등을 분리, 분실, 훼손하여 상품의 가치가 현저히 감소하여 재판매가 불가할 경우 (노트북, 데스크탑 PC 등)</p></td></tr><tr><th>자동차용품</th><td><p>ㆍ상품을 개봉하여 장착한 이후 단순변심인 경우</p></td></tr><tr><th>CD/DVD/GAME/<br>BOOK</th><td><span>ㆍ복제가 가능한 상품의 포장 등을 훼손한 경우</span></td></tr></tbody></table></div><div><div class="product-item__table product-seller"><p class="prod-delivery-return-policy-title">판매자 정보</p><table class="prod-delivery-return-policy-table"><tbody><tr><th><div>상호/대표자</div></th><td>주식회사 신세계메디팜 / 황여경,박종현</td><th><div>사업장 소재지</div></th><td>경기도 성남시 분당구 판교역로192번길 14 447호</td></tr><tr><th><div>e-mail</div></th><td>mongedrugstore@naver.com</td><th><div>연락처</div></th><td> 010-5929-3669</td></tr><tr><th><div>통신판매업 신고번호</div></th><td>2021-성남분당C-1085</td><th><div>사업자번호</div></th><td>642-87-02439</td></tr><tr><th><div>구매안전 서비스</div></th><td colspan="3"><p>02-006-00042 <a href="http://www.fcsc.kr/B/fu_b_06.jsp" class="service-join__btn" target="_blank">서비스 가입사실 확인 &gt;</a></p><p class="escrow-policy">본 판매자는 고객님의 안전거래를 위해 관련 법률에 의거하여 쿠팡페이의 구매안전서비스를 적용하고 있습니다.</p></td></tr></tbody></table><p class="prod-minor-notice">미성년자가 체결한 계약은 법정대리인이 동의하지 않는 경우 본인 또는 법정대리인이 취소할 수 있습니다. 쿠팡은 통신판매중개자로서 통신판매의 당사자가 아니며, 광고,&nbsp;고시정보, 상품 주문, 배송 및 환불의 의무와 책임은 각 판매자에 있습니다.</p></div></div></div></div><div><div class="sc-item-list-widget"><div class="sc-widget-header"><h2 class="sc-widget__title">묶음배송 가능한 상품<a href="https://shop.coupang.com/vid/all-products/A00498353?source=brandstore_sdp_consolidate&amp;pid=6304732510&amp;viid=83726045018&amp;ocid=5174380&amp;tab=Y&amp;pushEvent=true&amp;title=%E2%80%83" class="sc-widget__see-more"> 전체보기 &gt;</a></h2><div class="sc-widget__page-counter"><span><em id="currentPageNum">1</em>/3</span></div></div><div class="sc-widget__list slide-container"><ul class="sc-widget-item-size-5"><li class="sc-widget__item slide-item " data-index="0"><a target="_blank" href="/vp/products/8801316590?itemId=24835722075&amp;vendorItemId=92424280834&amp;sourceType=brandstore_sdp_consolidate_reco" title="더팜 아이조아 쑥쑥 L-아르기닌 15포 X 3박스 (45일분), 1세트, 60g"><div class="sc-widget__item__image-wrap"><img class="sc-widget__item__image" alt="더팜 아이조아 쑥쑥 L-아르기닌 15포 X 3박스 (45일분), 1세트, 60g" loading="lazy" src="//thumbnail7.coupangcdn.com/thumbnails/remote/230x230ex/image/vendor_inventory/821c/da6eacec047a191b8196f38f9b0afcc3bf17faf2bb39c4a586ad5f7d3c8a.jpg"></div><strong class="sc-widget__item__title">더팜 아이조아 쑥쑥 L-아르기닌 15포 X 3박스 (45일분), 1세트, 60g</strong><span class="sc-widget__item__price">48,600원</span><div class="sc-widget__item__review"><span class="sc-widget__item__review-score-bg"><span class="sc-widget__item__review-score" style="width: 100%;"><em>100%</em></span></span><span class="sc-widget__item__review-count">(53)</span></div></a></li><li class="sc-widget__item slide-item " data-index="1"><a target="_blank" href="/vp/products/151360731?itemId=5915724202&amp;vendorItemId=77590263944&amp;sourceType=brandstore_sdp_consolidate_reco" title="동국제약 마데카 습윤 피부재생밴드 여드름 패치 화농성 여드름치료 찰과상 타박상 치료 딱지흉터, 1개"><div class="sc-widget__item__image-wrap"><img class="sc-widget__item__image" alt="동국제약 마데카 습윤 피부재생밴드 여드름 패치 화농성 여드름치료 찰과상 타박상 치료 딱지흉터, 1개" loading="lazy" src="//thumbnail7.coupangcdn.com/thumbnails/remote/230x230ex/image/vendor_inventory/970c/a4724371cf09d07a46a77210b11d54752c8049ea10c15e6230363dd6cb08.jpg"></div><strong class="sc-widget__item__title">동국제약 마데카 습윤 피부재생밴드 여드름 패치 화농성 여드름치료 찰과상 타박상 치료 딱지흉터, 1개</strong><span class="sc-widget__item__price">3,990원</span><div class="sc-widget__item__review"><span class="sc-widget__item__review-score-bg"><span class="sc-widget__item__review-score" style="width: 100%;"><em>100%</em></span></span><span class="sc-widget__item__review-count">(8,480)</span></div></a></li><li class="sc-widget__item slide-item " data-index="2"><a target="_blank" href="/vp/products/8670606507?itemId=25169927115&amp;vendorItemId=78187938570&amp;sourceType=brandstore_sdp_consolidate_reco" title="신신제약 모기 기피제 모스키토 밀크 모스키토 액 모스키토 아웃도어 모스세이프가드액 4종 택 1, 4.모스키토 아웃도어에어로솔(12세이상), 1개"><div class="sc-widget__item__image-wrap"><img class="sc-widget__item__image" alt="신신제약 모기 기피제 모스키토 밀크 모스키토 액 모스키토 아웃도어 모스세이프가드액 4종 택 1, 4.모스키토 아웃도어에어로솔(12세이상), 1개" loading="lazy" src="//thumbnail9.coupangcdn.com/thumbnails/remote/230x230ex/image/vendor_inventory/dadd/22040ef2e20eb5e36cfa47e78e929af3f00dc0e9a5dbd3f3c83427d1a611.jpg"></div><strong class="sc-widget__item__title">신신제약 모기 기피제 모스키토 밀크 모스키토 액 모스키토 아웃도어 모스세이프가드액 4종 택 1, 4.모스키토 아웃도어에어로솔(12세이상), 1개</strong><span class="sc-widget__item__price">2,890원</span><div class="sc-widget__item__review"><span class="sc-widget__item__review-score-bg"><span class="sc-widget__item__review-score" style="width: 100%;"><em>100%</em></span></span><span class="sc-widget__item__review-count">(1)</span></div></a></li><li class="sc-widget__item slide-item " data-index="3"><a target="_blank" href="/vp/products/8750968941?itemId=24426733431&amp;vendorItemId=83725074692&amp;sourceType=brandstore_sdp_consolidate_reco" title="추억의 텐텐 츄어블 멀티비타민 어린이영양제 딸기맛 40g 10정 (1봉지), 1개"><div class="sc-widget__item__image-wrap"><img class="sc-widget__item__image" alt="추억의 텐텐 츄어블 멀티비타민 어린이영양제 딸기맛 40g 10정 (1봉지), 1개" loading="lazy" src="//thumbnail6.coupangcdn.com/thumbnails/remote/230x230ex/image/vendor_inventory/aef8/3278aa371c46c365c46026e7343b778494c2feeffefc8215e7da5ac0af4e.jpg"></div><strong class="sc-widget__item__title">추억의 텐텐 츄어블 멀티비타민 어린이영양제 딸기맛 40g 10정 (1봉지), 1개</strong><span class="sc-widget__item__price">2,490원</span><div class="sc-widget__item__review"><span class="sc-widget__item__review-score-bg"><span class="sc-widget__item__review-score" style="width: 100%;"><em>100%</em></span></span><span class="sc-widget__item__review-count">(61)</span></div></a></li><li class="sc-widget__item slide-item " data-index="4"><a target="_blank" href="/vp/products/141566058?itemId=26311691715&amp;vendorItemId=90636774394&amp;sourceType=brandstore_sdp_consolidate_reco" title="헤일리온코리아 [약국정품] 센트룸 실버프로 120정, 60회분, 1박스"><div class="sc-widget__item__image-wrap"><img class="sc-widget__item__image" alt="헤일리온코리아 [약국정품] 센트룸 실버프로 120정, 60회분, 1박스" loading="lazy" src="//thumbnail10.coupangcdn.com/thumbnails/remote/230x230ex/image/vendor_inventory/bb1a/b944be379a647642106049c29920ae29a24f0ba864e60e979e0ad72e4b91.jpg"></div><strong class="sc-widget__item__title">헤일리온코리아 [약국정품] 센트룸 실버프로 120정, 60회분, 1박스</strong><span class="sc-widget__item__price">41,900원</span><div class="sc-widget__item__review"><span class="sc-widget__item__review-score-bg"><span class="sc-widget__item__review-score" style="width: 100%;"><em>100%</em></span></span><span class="sc-widget__item__review-count">(2,257)</span></div></a></li><li class="sc-widget__item slide-item hide-item" data-index="5"><a target="_blank" href="/vp/products/8329479133?itemId=24047549749&amp;vendorItemId=77851087626&amp;sourceType=brandstore_sdp_consolidate_reco" title="대웅제약 이지덤 뷰티 릴리프 니들케어 여드름 패치, 이지덤 뷰티(여드름 짠 후), 1개"><div class="sc-widget__item__image-wrap"><img class="sc-widget__item__image" alt="대웅제약 이지덤 뷰티 릴리프 니들케어 여드름 패치, 이지덤 뷰티(여드름 짠 후), 1개" loading="lazy" src="//thumbnail7.coupangcdn.com/thumbnails/remote/230x230ex/image/vendor_inventory/1aa9/00338267cf53193dd938b506502d700fa08b8c709f794bfed2e9342207bb.jpg"></div><strong class="sc-widget__item__title">대웅제약 이지덤 뷰티 릴리프 니들케어 여드름 패치, 이지덤 뷰티(여드름 짠 후), 1개</strong><span class="sc-widget__item__price">5,590원</span><div class="sc-widget__item__review"><span class="sc-widget__item__review-score-bg"><span class="sc-widget__item__review-score" style="width: 100%;"><em>100%</em></span></span><span class="sc-widget__item__review-count">(10)</span></div></a></li><li class="sc-widget__item slide-item hide-item" data-index="6"><a target="_blank" href="/vp/products/9074842171?itemId=26654595823&amp;vendorItemId=92182774602&amp;sourceType=brandstore_sdp_consolidate_reco" title="더팜 딸기맛 액상철분 아기 유아 어린이 철분제 30포 x 3박스, 1박스, 24ml"><div class="sc-widget__item__image-wrap"><img class="sc-widget__item__image" alt="더팜 딸기맛 액상철분 아기 유아 어린이 철분제 30포 x 3박스, 1박스, 24ml" loading="lazy" src="//thumbnail10.coupangcdn.com/thumbnails/remote/230x230ex/image/vendor_inventory/62e3/18e98608e72b44415c70e902eaa8e8b570befebe318224b0bba806a73d4e.jpg"></div><strong class="sc-widget__item__title">더팜 딸기맛 액상철분 아기 유아 어린이 철분제 30포 x 3박스, 1박스, 24ml</strong><span class="sc-widget__item__price">75,600원</span><div class="sc-widget__item__review"><span class="sc-widget__item__review-score-bg"><span class="sc-widget__item__review-score" style="width: 100%;"><em>100%</em></span></span><span class="sc-widget__item__review-count">(3)</span></div></a></li><li class="sc-widget__item slide-item hide-item" data-index="7"><a target="_blank" href="/vp/products/9061542185?itemId=3930545113&amp;vendorItemId=77512058279&amp;sourceType=brandstore_sdp_consolidate_reco" title="미마 마스크 KF80 소형 마스크 1매입(화이트 블랙), 1개입, 1개"><div class="sc-widget__item__image-wrap"><img class="sc-widget__item__image" alt="미마 마스크 KF80 소형 마스크 1매입(화이트 블랙), 1개입, 1개" loading="lazy" src="//thumbnail10.coupangcdn.com/thumbnails/remote/230x230ex/image/vendor_inventory/d8e9/ca5a21917c545d7b0e4c6a6297e2ca96be4dbaeea2d620ab0be8294c057a.jpg"></div><strong class="sc-widget__item__title">미마 마스크 KF80 소형 마스크 1매입(화이트 블랙), 1개입, 1개</strong><span class="sc-widget__item__price">770원</span><div class="sc-widget__item__review"><span class="sc-widget__item__review-score-bg"><span class="sc-widget__item__review-score" style="width: 70%;"><em>70%</em></span></span><span class="sc-widget__item__review-count">(6)</span></div></a></li><li class="sc-widget__item slide-item hide-item" data-index="8"><a target="_blank" href="/vp/products/8540324389?itemId=10279009156&amp;vendorItemId=78309766743&amp;sourceType=brandstore_sdp_consolidate_reco" title="홈매트 리퀴드 스위치형 훈증기 + 45일교체용, 45ml, 1세트"><div class="sc-widget__item__image-wrap"><img class="sc-widget__item__image" alt="홈매트 리퀴드 스위치형 훈증기 + 45일교체용, 45ml, 1세트" loading="lazy" src="//thumbnail8.coupangcdn.com/thumbnails/remote/230x230ex/image/vendor_inventory/804e/f897adcaea954cf85080a5ab8fbff0ab40b17ad79e683f05ea6a2e728e94.jpg"></div><strong class="sc-widget__item__title">홈매트 리퀴드 스위치형 훈증기 + 45일교체용, 45ml, 1세트</strong><span class="sc-widget__item__price">9,400원</span><div class="sc-widget__item__review"><span class="sc-widget__item__review-score-bg"><span class="sc-widget__item__review-score" style="width: 90%;"><em>90%</em></span></span><span class="sc-widget__item__review-count">(130)</span></div></a></li><li class="sc-widget__item slide-item hide-item" data-index="9"><a target="_blank" href="/vp/products/7462758414?itemId=5471496254&amp;vendorItemId=78170878009&amp;sourceType=brandstore_sdp_consolidate_reco" title="유한양행 안티푸라민 쿨 에어파스 220ml, 1개"><div class="sc-widget__item__image-wrap"><img class="sc-widget__item__image" alt="유한양행 안티푸라민 쿨 에어파스 220ml, 1개" loading="lazy" src="//thumbnail10.coupangcdn.com/thumbnails/remote/230x230ex/image/vendor_inventory/eba5/56444a0155d8480dc1ff1ef04da8bbf58e18b9e2245b7b74980274a438b9.jpg"></div><strong class="sc-widget__item__title">유한양행 안티푸라민 쿨 에어파스 220ml, 1개</strong><span class="sc-widget__item__price">2,300원</span><div class="sc-widget__item__review"><span class="sc-widget__item__review-score-bg"><span class="sc-widget__item__review-score" style="width: 90%;"><em>90%</em></span></span><span class="sc-widget__item__review-count">(271)</span></div></a></li><li class="sc-widget__item slide-item hide-item" data-index="10"><a target="_blank" href="/vp/products/8375785255?itemId=4044419555&amp;vendorItemId=77590263266&amp;sourceType=brandstore_sdp_consolidate_reco" title="중외제약 하이맘 밴드 스팟패치 60매 (도트형), 1개"><div class="sc-widget__item__image-wrap"><img class="sc-widget__item__image" alt="중외제약 하이맘 밴드 스팟패치 60매 (도트형), 1개" loading="lazy" src="//thumbnail7.coupangcdn.com/thumbnails/remote/230x230ex/image/vendor_inventory/857f/674e081b5b9cbf01fc596d14cac0cc34b9cdaf7e55e6a49d457c3a1f553a.jpg"></div><strong class="sc-widget__item__title">중외제약 하이맘 밴드 스팟패치 60매 (도트형), 1개</strong><span class="sc-widget__item__price">6,000원</span><div class="sc-widget__item__review"><span class="sc-widget__item__review-score-bg"><span class="sc-widget__item__review-score" style="width: 100%;"><em>100%</em></span></span><span class="sc-widget__item__review-count">(10)</span></div></a></li><li class="sc-widget__item slide-item hide-item" data-index="11"><a target="_blank" href="/vp/products/1934072928?itemId=25101502513&amp;vendorItemId=77861148612&amp;sourceType=brandstore_sdp_consolidate_reco" title="폴리덴트 틀니세정제 5분 퀵 플러스(48정) x 3팩, 144매, 1세트"><div class="sc-widget__item__image-wrap"><img class="sc-widget__item__image" alt="폴리덴트 틀니세정제 5분 퀵 플러스(48정) x 3팩, 144매, 1세트" loading="lazy" src="//thumbnail6.coupangcdn.com/thumbnails/remote/230x230ex/image/vendor_inventory/44be/798c6246b61a75c3c5a16e405a636f909869cef6f25806bc27996221f1f5.jpg"></div><strong class="sc-widget__item__title">폴리덴트 틀니세정제 5분 퀵 플러스(48정) x 3팩, 144매, 1세트</strong><span class="sc-widget__item__price">28,670원</span><div class="sc-widget__item__review"><span class="sc-widget__item__review-score-bg"><span class="sc-widget__item__review-score" style="width: 100%;"><em>100%</em></span></span><span class="sc-widget__item__review-count">(2,240)</span></div></a></li><li class="sc-widget__item slide-item hide-item" data-index="12"><a target="_blank" href="/vp/products/5018286898?itemId=24667557815&amp;vendorItemId=77590389123&amp;sourceType=brandstore_sdp_consolidate_reco" title="NICHIBAN CARELEAVES 일동제약 케어리브 밴드 혼합형 SML 20매, 1개"><div class="sc-widget__item__image-wrap"><img class="sc-widget__item__image" alt="NICHIBAN CARELEAVES 일동제약 케어리브 밴드 혼합형 SML 20매, 1개" loading="lazy" src="//thumbnail6.coupangcdn.com/thumbnails/remote/230x230ex/image/vendor_inventory/d3e9/c0145858740e9f248da011ccb983f036b113dd5d94ce4bea97545cd64e35.jpg"></div><strong class="sc-widget__item__title">NICHIBAN CARELEAVES 일동제약 케어리브 밴드 혼합형 SML 20매, 1개</strong><span class="sc-widget__item__price">3,850원</span><div class="sc-widget__item__review"><span class="sc-widget__item__review-score-bg"><span class="sc-widget__item__review-score" style="width: 100%;"><em>100%</em></span></span><span class="sc-widget__item__review-count">(132)</span></div></a></li><li class="sc-widget__item slide-item hide-item" data-index="13"><a target="_blank" href="/vp/products/7211894062?itemId=24490796069&amp;vendorItemId=81331404568&amp;sourceType=brandstore_sdp_consolidate_reco" title="켜고 끄는걸 깜빡해도 OK! 3단계 켜짐/꺼짐 예약 가능 홈매트 맥스 제로 스위치 플러그 훈증기 + 45일교체, 1세트"><div class="sc-widget__item__image-wrap"><img class="sc-widget__item__image" alt="켜고 끄는걸 깜빡해도 OK! 3단계 켜짐/꺼짐 예약 가능 홈매트 맥스 제로 스위치 플러그 훈증기 + 45일교체, 1세트" loading="lazy" src="//thumbnail7.coupangcdn.com/thumbnails/remote/230x230ex/image/vendor_inventory/cb9b/aa21a03dea150dad53fa37ecf403bdf404f41c04d3c374e1d9c08edae125.jpg"></div><strong class="sc-widget__item__title">켜고 끄는걸 깜빡해도 OK! 3단계 켜짐/꺼짐 예약 가능 홈매트 맥스 제로 스위치 플러그 훈증기 + 45일교체, 1세트</strong><span class="sc-widget__item__price">14,790원</span><div class="sc-widget__item__review"><span class="sc-widget__item__review-score-bg"><span class="sc-widget__item__review-score" style="width: 100%;"><em>100%</em></span></span><span class="sc-widget__item__review-count">(16)</span></div></a></li><li class="sc-widget__item slide-item hide-item" data-index="14"><a target="_blank" href="/vp/products/8250122139?itemId=21406159922&amp;vendorItemId=82840904073&amp;sourceType=brandstore_sdp_consolidate_reco" title="[약국정품] 센트룸 포맨 70정, 1개"><div class="sc-widget__item__image-wrap"><img class="sc-widget__item__image" alt="[약국정품] 센트룸 포맨 70정, 1개" loading="lazy" src="//thumbnail6.coupangcdn.com/thumbnails/remote/230x230ex/image/vendor_inventory/4a0a/7a3d8c3d590c5357c32be5d581d174cbe73b89dfead96ac315e3afda89cf.jpg"></div><strong class="sc-widget__item__title">[약국정품] 센트룸 포맨 70정, 1개</strong><span class="sc-widget__item__price">31,900원</span><div class="sc-widget__item__review"><span class="sc-widget__item__review-score-bg"><span class="sc-widget__item__review-score" style="width: 100%;"><em>100%</em></span></span><span class="sc-widget__item__review-count">(4,484)</span></div></a></li></ul></div><a class="sc-widget__arrow-button slide-prev" title="이전 상품 보기">이전 상품 보기</a><a class="sc-widget__arrow-button slide-next" title="다음 상품 보기">다음 상품 보기</a></div></div><div class="also-bought twc-mb-[40px]"><h2 class="twc-font-[700] twc-text-[#212B36] twc-text-[18px] twc-pb-[20px] twc-pt-[40px] twc-leading-[21px]">다른 고객이 함께 구매한 상품</h2><div class="twc-group twc-w-[100%] twc-relative twc-overflow-hidden"><div class="twc-flex twc-transition-transform twc-duration-[.5s] twc-ease-in-out twc-w-[max-content] max-[600px]:twc-overflow-auto max-[600px]:twc-w-[100%] max-[600px]:twc-relative"><div class="also-bought-product"><a href="https://www.coupang.com/vp/products/7790752317?itemId=19867214634&amp;searchId=7e577d26c4a2418c98263cad69ec419d&amp;vendorItemId=86744358404&amp;sourceType=SDP_BOUGHT_TOGETHER" target="_blank" title="프레시지 [최현석] 한돈한우 함박스테이크, 180g, 15개"><img alt="프레시지 [최현석] 한돈한우 함박스테이크, 180g, 15개" loading="lazy" width="144" height="144" decoding="async" data-nimg="1" class="also-bought-product-img" src="https://thumbnail.coupangcdn.com/thumbnails/remote/300x300ex/image/vendor_inventory/d25b/7a562251e1e39763e840bb0a8c50817225cae582673759e5b43d63b8989e.jpg" style="color: transparent;"><strong class="twc-pt-[8px] twc-text-[12px] twc-text-[#111] twc-font-[400] twc-line-clamp-2 twc-overflow-hidden">프레시지 [최현석] 한돈한우 함박스테이크, 180g, 15개</strong><div class="also-bought-price"><span class="price"><span class="twc-font-[700] twc-text-[14px]">62,220</span>원</span><div class="rl-item__unit-price">(100g당 2,304원)</div><div class="rl-item__review"><span class="rl-item__review-score-bg"><span class="rl-item__review-score" style="width: 90%;"><em>90%</em></span></span><span class="rl-item__review-count">(918)</span></div></div></a></div><div class="also-bought-product"><a href="https://www.coupang.com/vp/products/7672862027?itemId=20910868055&amp;searchId=7e577d26c4a2418c98263cad69ec419d&amp;vendorItemId=87977820060&amp;sourceType=SDP_BOUGHT_TOGETHER" target="_blank" title="곰곰 동물복지 우유, 900ml, 6팩"><img alt="곰곰 동물복지 우유, 900ml, 6팩" loading="lazy" width="144" height="144" decoding="async" data-nimg="1" class="also-bought-product-img" src="https://thumbnail.coupangcdn.com/thumbnails/remote/300x300ex/image/retail/images/dcfc8293-e9e7-485b-a831-f31856e517a77132212900657175614.png" style="color: transparent;"><strong class="twc-pt-[8px] twc-text-[12px] twc-text-[#111] twc-font-[400] twc-line-clamp-2 twc-overflow-hidden">곰곰 동물복지 우유, 900ml, 6팩</strong><div class="also-bought-price"><span class="price"><span class="twc-font-[700] twc-text-[14px]">16,570</span>원</span><img class="rl-item__badge" alt="badge" loading="lazy" src="https://image.coupangcdn.com/image/mobile_app/v3/brandsdp/loyalty/pc/rocket-fresh@2x.png"><div class="rl-item__unit-price">(100ml당 307원)</div><div class="rl-item__review"><span class="rl-item__review-score-bg"><span class="rl-item__review-score" style="width: 100%;"><em>100%</em></span></span><span class="rl-item__review-count">(5,988)</span></div></div></a></div><div class="also-bought-product"><a href="https://www.coupang.com/vp/products/2334492242?itemId=4042088719&amp;searchId=7e577d26c4a2418c98263cad69ec419d&amp;vendorItemId=72026245547&amp;sourceType=SDP_BOUGHT_TOGETHER" target="_blank" title="케어리브 아카기레 부직반창고, 20개입, 3개"><img alt="케어리브 아카기레 부직반창고, 20개입, 3개" loading="lazy" width="144" height="144" decoding="async" data-nimg="1" class="also-bought-product-img" src="https://thumbnail.coupangcdn.com/thumbnails/remote/300x300ex/image/retail/images/2020/10/29/22/5/db7d8290-df54-4587-a537-a56ab0c609b8.jpg" style="color: transparent;"><strong class="twc-pt-[8px] twc-text-[12px] twc-text-[#111] twc-font-[400] twc-line-clamp-2 twc-overflow-hidden">케어리브 아카기레 부직반창고, 20개입, 3개</strong><div class="also-bought-price"><span class="price"><span class="twc-font-[700] twc-text-[14px]">11,400</span>원</span><img class="rl-item__badge" alt="badge" loading="lazy" src="https://image.coupangcdn.com/image/badges/rocket/rocket_logo.png"><div class="rl-item__unit-price">(1개입당 190원)</div><div class="rl-item__review"><span class="rl-item__review-score-bg"><span class="rl-item__review-score" style="width: 100%;"><em>100%</em></span></span><span class="rl-item__review-count">(903)</span></div></div></a></div><div class="also-bought-product"><a href="https://www.coupang.com/vp/products/7598978284?itemId=20097144654&amp;searchId=7e577d26c4a2418c98263cad69ec419d&amp;vendorItemId=87192409930&amp;sourceType=SDP_BOUGHT_TOGETHER" target="_blank" title="[팬시앤코]추석사각스티커 한가위 명절 감사 문구입력 소량제작 선물용 답례품 9.5x5cm 무광아트지 방수지, 추석08, 직사각형 9.5x5cm 10개 방수지"><img alt="[팬시앤코]추석사각스티커 한가위 명절 감사 문구입력 소량제작 선물용 답례품 9.5x5cm 무광아트지 방수지, 추석08, 직사각형 9.5x5cm 10개 방수지" loading="lazy" width="144" height="144" decoding="async" data-nimg="1" class="also-bought-product-img" src="https://thumbnail.coupangcdn.com/thumbnails/remote/300x300ex/image/vendor_inventory/5709/54122fc77204f78195929ef438d4d625b28073ccdf33b67a01f28d55cffd.jpg" style="color: transparent;"><strong class="twc-pt-[8px] twc-text-[12px] twc-text-[#111] twc-font-[400] twc-line-clamp-2 twc-overflow-hidden">[팬시앤코]추석사각스티커 한가위 명절 감사 문구입력 소량제작 선물용 답례품 9.5x5cm 무광아트지 방수지, 추석08, 직사각형 9.5x5cm 10개 방수지</strong><div class="also-bought-price"><span class="price"><span class="twc-font-[700] twc-text-[14px]">2,400</span>원</span><div class="rl-item__review"><span class="rl-item__review-score-bg"><span class="rl-item__review-score" style="width: 80%;"><em>80%</em></span></span><span class="rl-item__review-count">(2)</span></div></div></a></div><div class="also-bought-product"><a href="https://www.coupang.com/vp/products/8253650151?itemId=24023772324&amp;searchId=7e577d26c4a2418c98263cad69ec419d&amp;vendorItemId=91044264160&amp;sourceType=SDP_BOUGHT_TOGETHER" target="_blank" title="60*90cm 큰사이즈 캐릭터 욕실 화장실 미끄럼방지 물빠짐 자연건조 매트, 블루, 1개"><img alt="60*90cm 큰사이즈 캐릭터 욕실 화장실 미끄럼방지 물빠짐 자연건조 매트, 블루, 1개" loading="lazy" width="144" height="144" decoding="async" data-nimg="1" class="also-bought-product-img" src="https://thumbnail.coupangcdn.com/thumbnails/remote/300x300ex/image/vendor_inventory/93ea/b442ae7db2def0266f640ce801e3c31b4d0ebd59277fd5dbe624ef1b83f3.jpg" style="color: transparent;"><strong class="twc-pt-[8px] twc-text-[12px] twc-text-[#111] twc-font-[400] twc-line-clamp-2 twc-overflow-hidden">60*90cm 큰사이즈 캐릭터 욕실 화장실 미끄럼방지 물빠짐 자연건조 매트, 블루, 1개</strong><div class="also-bought-price"><span class="price"><span class="twc-font-[700] twc-text-[14px]">16,990</span>원</span><img class="rl-item__badge" alt="badge" loading="lazy" src="https://image.coupangcdn.com/image/coupang/rds/logo/iphone_2x/logoRocketMerchantLargeV3R3@2x.png"><div class="rl-item__unit-price">(1개당 16,990원)</div><div class="rl-item__review"><span class="rl-item__review-score-bg"><span class="rl-item__review-score" style="width: 100%;"><em>100%</em></span></span><span class="rl-item__review-count">(348)</span></div></div></a></div><div class="also-bought-product"><a href="https://www.coupang.com/vp/products/5579777023?itemId=8914003761&amp;searchId=7e577d26c4a2418c98263cad69ec419d&amp;vendorItemId=76200615243&amp;sourceType=SDP_BOUGHT_TOGETHER" target="_blank" title="흔한남매 남아용 토이 팬티 3종 세트"><img alt="흔한남매 남아용 토이 팬티 3종 세트" loading="lazy" width="144" height="144" decoding="async" data-nimg="1" class="also-bought-product-img" src="https://thumbnail.coupangcdn.com/thumbnails/remote/300x300ex/image/retail/images/2021/05/27/12/7/5c47a0ea-a686-40b5-ad12-5928f8c40f7e.jpg" style="color: transparent;"><strong class="twc-pt-[8px] twc-text-[12px] twc-text-[#111] twc-font-[400] twc-line-clamp-2 twc-overflow-hidden">흔한남매 남아용 토이 팬티 3종 세트</strong><div class="also-bought-price"><span class="price"><span class="twc-font-[700] twc-text-[14px]">6,980</span>원</span><img class="rl-item__badge" alt="badge" loading="lazy" src="https://image.coupangcdn.com/image/badges/rocket/rocket_logo.png"><div class="rl-item__review"><span class="rl-item__review-score-bg"><span class="rl-item__review-score" style="width: 100%;"><em>100%</em></span></span><span class="rl-item__review-count">(46)</span></div></div></a></div><div class="also-bought-product"><a href="https://www.coupang.com/vp/products/41573506?itemId=151352075&amp;searchId=7e577d26c4a2418c98263cad69ec419d&amp;vendorItemId=3348610742&amp;sourceType=SDP_BOUGHT_TOGETHER" target="_blank" title="굿패키지 북유럽스타일 5.5mm 단열뽁뽁이 민들레홀씨 1mx5m, 1개"><img alt="굿패키지 북유럽스타일 5.5mm 단열뽁뽁이 민들레홀씨 1mx5m, 1개" loading="lazy" width="144" height="144" decoding="async" data-nimg="1" class="also-bought-product-img" src="https://thumbnail.coupangcdn.com/thumbnails/remote/300x300ex/image/vendor_inventory/images/2017/10/17/9/2/a11f5749-625c-4268-944c-6e41229fa69d.jpg" style="color: transparent;"><strong class="twc-pt-[8px] twc-text-[12px] twc-text-[#111] twc-font-[400] twc-line-clamp-2 twc-overflow-hidden">굿패키지 북유럽스타일 5.5mm 단열뽁뽁이 민들레홀씨 1mx5m, 1개</strong><div class="also-bought-price"><span class="price"><span class="twc-font-[700] twc-text-[14px]">11,900</span>원</span><div class="rl-item__unit-price">(1개당 11,900원)</div><div class="rl-item__review"><span class="rl-item__review-score-bg"><span class="rl-item__review-score" style="width: 90%;"><em>90%</em></span></span><span class="rl-item__review-count">(579)</span></div></div></a></div><div class="also-bought-product"><a href="https://www.coupang.com/vp/products/7942570265?itemId=26462043960&amp;searchId=7e577d26c4a2418c98263cad69ec419d&amp;vendorItemId=93437329510&amp;sourceType=SDP_BOUGHT_TOGETHER" target="_blank" title="인따르시아 주니어 라인 드로즈 팬티 6종세트"><img alt="인따르시아 주니어 라인 드로즈 팬티 6종세트" loading="lazy" width="144" height="144" decoding="async" data-nimg="1" class="also-bought-product-img" src="https://thumbnail.coupangcdn.com/thumbnails/remote/300x300ex/image/vendor_inventory/ad7a/e14e66dca49145f95d6fefc84005b9d65b9cbbf4c2a8a2ffd283402ec686.jpg" style="color: transparent;"><strong class="twc-pt-[8px] twc-text-[12px] twc-text-[#111] twc-font-[400] twc-line-clamp-2 twc-overflow-hidden">인따르시아 주니어 라인 드로즈 팬티 6종세트</strong><div class="also-bought-price"><span class="price"><span class="twc-font-[700] twc-text-[14px]">14,900</span>원</span><div class="rl-item__review"><span class="rl-item__review-score-bg"><span class="rl-item__review-score" style="width: 100%;"><em>100%</em></span></span><span class="rl-item__review-count">(639)</span></div></div></a></div><div class="also-bought-product"><a href="https://www.coupang.com/vp/products/7534964490?itemId=19793813726&amp;searchId=7e577d26c4a2418c98263cad69ec419d&amp;vendorItemId=3274564947&amp;sourceType=SDP_BOUGHT_TOGETHER" target="_blank" title="동원 마시는유산균 쿨피스 복숭아맛, 230ml, 30개"><img alt="동원 마시는유산균 쿨피스 복숭아맛, 230ml, 30개" loading="lazy" width="144" height="144" decoding="async" data-nimg="1" class="also-bought-product-img" src="https://thumbnail.coupangcdn.com/thumbnails/remote/300x300ex/image/1025_amir_coupang_oct_80k/0d88/b3d8926cdf72a360ff216a70d89b8599bdb84436580a441fd688934d50f1.jpg" style="color: transparent;"><strong class="twc-pt-[8px] twc-text-[12px] twc-text-[#111] twc-font-[400] twc-line-clamp-2 twc-overflow-hidden">동원 마시는유산균 쿨피스 복숭아맛, 230ml, 30개</strong><div class="also-bought-price"><span class="price"><span class="twc-font-[700] twc-text-[14px]">13,700</span>원</span><img class="rl-item__badge" alt="badge" loading="lazy" src="https://image.coupangcdn.com/image/badges/rocket/rocket_logo.png"><div class="rl-item__unit-price">(100ml당 199원)</div><div class="rl-item__review"><span class="rl-item__review-score-bg"><span class="rl-item__review-score" style="width: 100%;"><em>100%</em></span></span><span class="rl-item__review-count">(31,982)</span></div></div></a></div><div class="also-bought-product"><a href="https://www.coupang.com/vp/products/7692360662?itemId=23930959130&amp;searchId=7e577d26c4a2418c98263cad69ec419d&amp;vendorItemId=90953030226&amp;sourceType=SDP_BOUGHT_TOGETHER" target="_blank" title="여섯별 제주 메리골드 꿀 꽃차 답례품 선물세트, 꿀꽃차선물세트, 5개"><img alt="여섯별 제주 메리골드 꿀 꽃차 답례품 선물세트, 꿀꽃차선물세트, 5개" loading="lazy" width="144" height="144" decoding="async" data-nimg="1" class="also-bought-product-img" src="https://thumbnail.coupangcdn.com/thumbnails/remote/300x300ex/image/vendor_inventory/bdc3/763c63f5d2837bf1a5e6493b3e14a616a20ef86d2106e84d44e43f476fef.jpg" style="color: transparent;"><strong class="twc-pt-[8px] twc-text-[12px] twc-text-[#111] twc-font-[400] twc-line-clamp-2 twc-overflow-hidden">여섯별 제주 메리골드 꿀 꽃차 답례품 선물세트, 꿀꽃차선물세트, 5개</strong><div class="also-bought-price"><span class="price"><span class="twc-font-[700] twc-text-[14px]">55,500</span>원</span><img class="rl-item__badge" alt="badge" loading="lazy" src="https://image.coupangcdn.com/image/coupang/rds/logo/iphone_2x/logoRocketMerchantLargeV3R3@2x.png"><div class="rl-item__unit-price">(1세트당 11,100원)</div><div class="rl-item__review"><span class="rl-item__review-score-bg"><span class="rl-item__review-score" style="width: 100%;"><em>100%</em></span></span><span class="rl-item__review-count">(262)</span></div></div></a></div><div class="also-bought-product"><a href="https://www.coupang.com/vp/products/8288901662?itemId=6952637585&amp;searchId=7e577d26c4a2418c98263cad69ec419d&amp;vendorItemId=70677961588&amp;sourceType=SDP_BOUGHT_TOGETHER" target="_blank" title="[베이커리카페] 소와나무베이커리슬라이스치즈1.8kg, 1.8kg, 1개"><img alt="[베이커리카페] 소와나무베이커리슬라이스치즈1.8kg, 1.8kg, 1개" loading="lazy" width="144" height="144" decoding="async" data-nimg="1" class="also-bought-product-img" src="https://thumbnail.coupangcdn.com/thumbnails/remote/300x300ex/image/vendor_inventory/5014/ae5c79df1373888de476846c4d4f84c46dca7a9d355da3ce9a0ec5fe96d7.jpg" style="color: transparent;"><strong class="twc-pt-[8px] twc-text-[12px] twc-text-[#111] twc-font-[400] twc-line-clamp-2 twc-overflow-hidden">[베이커리카페] 소와나무베이커리슬라이스치즈1.8kg, 1.8kg, 1개</strong><div class="also-bought-price"><span class="price"><span class="twc-font-[700] twc-text-[14px]">20,300</span>원</span><div class="rl-item__unit-price">(10g당 113원)</div><div class="rl-item__review"><span class="rl-item__review-score-bg"><span class="rl-item__review-score" style="width: 100%;"><em>100%</em></span></span><span class="rl-item__review-count">(362)</span></div></div></a></div><div class="also-bought-product"><a href="https://www.coupang.com/vp/products/8702977022?itemId=25273639079&amp;searchId=7e577d26c4a2418c98263cad69ec419d&amp;vendorItemId=92307783236&amp;sourceType=SDP_BOUGHT_TOGETHER" target="_blank" title="유유라키 마카롱 실리콘 휴대용 선글라스 수경케이스 안경 보관 파우치"><img alt="유유라키 마카롱 실리콘 휴대용 선글라스 수경케이스 안경 보관 파우치" loading="lazy" width="144" height="144" decoding="async" data-nimg="1" class="also-bought-product-img" src="https://thumbnail.coupangcdn.com/thumbnails/remote/300x300ex/image/vendor_inventory/5881/9e60b1473ddff639e42f5e38578dedff463d7768997b7bee5502595b329f.jpg" style="color: transparent;"><strong class="twc-pt-[8px] twc-text-[12px] twc-text-[#111] twc-font-[400] twc-line-clamp-2 twc-overflow-hidden">유유라키 마카롱 실리콘 휴대용 선글라스 수경케이스 안경 보관 파우치</strong><div class="also-bought-price"><span class="price"><span class="twc-font-[700] twc-text-[14px]">11,500</span>원</span><img class="rl-item__badge" alt="badge" loading="lazy" src="https://image.coupangcdn.com/image/coupang/rds/logo/iphone_2x/logoRocketMerchantLargeV3R3@2x.png"><div class="rl-item__review"><span class="rl-item__review-score-bg"><span class="rl-item__review-score" style="width: 100%;"><em>100%</em></span></span><span class="rl-item__review-count">(65)</span></div></div></a></div><div class="also-bought-product"><a href="https://www.coupang.com/vp/products/6245207094?itemId=782639115&amp;searchId=7e577d26c4a2418c98263cad69ec419d&amp;vendorItemId=4981566002&amp;sourceType=SDP_BOUGHT_TOGETHER" target="_blank" title="다네시타 댄케이크 버터쿠키 싱글서브, 324g, 1개"><img alt="다네시타 댄케이크 버터쿠키 싱글서브, 324g, 1개" loading="lazy" width="144" height="144" decoding="async" data-nimg="1" class="also-bought-product-img" src="https://thumbnail.coupangcdn.com/thumbnails/remote/300x300ex/image/retail/images/1771644117927764-310d7573-5230-4c38-965a-5aa12fff27c4.jpg" style="color: transparent;"><strong class="twc-pt-[8px] twc-text-[12px] twc-text-[#111] twc-font-[400] twc-line-clamp-2 twc-overflow-hidden">다네시타 댄케이크 버터쿠키 싱글서브, 324g, 1개</strong><div class="also-bought-price"><span class="price"><span class="twc-font-[700] twc-text-[14px]">11,450</span>원</span><img class="rl-item__badge" alt="badge" loading="lazy" src="https://image.coupangcdn.com/image/badges/rocket/rocket_logo.png"><div class="rl-item__unit-price">(10g당 353원)</div><div class="rl-item__review"><span class="rl-item__review-score-bg"><span class="rl-item__review-score" style="width: 90%;"><em>90%</em></span></span><span class="rl-item__review-count">(17,334)</span></div></div></a></div><div class="also-bought-product"><a href="https://www.coupang.com/vp/products/8768775201?itemId=25503739190&amp;searchId=7e577d26c4a2418c98263cad69ec419d&amp;vendorItemId=92496258680&amp;sourceType=SDP_BOUGHT_TOGETHER" target="_blank" title="EBS 초등 만점왕 수학 5-2 (2025년) : 예습·복습·숙제까지 해결되는 교과서 완전 학습서, 수학영역, 초등5학년"><img alt="EBS 초등 만점왕 수학 5-2 (2025년) : 예습·복습·숙제까지 해결되는 교과서 완전 학습서, 수학영역, 초등5학년" loading="lazy" width="144" height="144" decoding="async" data-nimg="1" class="also-bought-product-img" src="https://thumbnail.coupangcdn.com/thumbnails/remote/300x300ex/image/vendor_inventory/5af4/b06c26c8bc8b847cecd26a5f747d02d6214be8178de85d5196deee2d2821.jpg" style="color: transparent;"><strong class="twc-pt-[8px] twc-text-[12px] twc-text-[#111] twc-font-[400] twc-line-clamp-2 twc-overflow-hidden">EBS 초등 만점왕 수학 5-2 (2025년) : 예습·복습·숙제까지 해결되는 교과서 완전 학습서, 수학영역, 초등5학년</strong><div class="also-bought-price"><span class="price"><span class="twc-font-[700] twc-text-[14px]">14,850</span>원</span><div class="rl-item__review"><span class="rl-item__review-score-bg"><span class="rl-item__review-score" style="width: 90%;"><em>90%</em></span></span><span class="rl-item__review-count">(12)</span></div></div></a></div></div><div class="twc-z-[9999999] twc-absolute twc-cursor-pointer twc-invisible group-hover:twc-visible twc-top-1/2 twc-translate-y-[-28px] twc-w-[40px] twc-h-[56px] twc-border-[1px] twc-border-[#eee] twc-border-solid twc-indent-[-9999px] twc-bg-[url('//img1a.coupangcdn.com/image/dragonstone/sdp/PCSDP_imageasset_171215-min.png')] twc-bg-no-repeat twc-right-0 twc-bg-[-223px_-265px] hover:twc-bg-[-319px_-265px] max-[600px]:twc-hidden"></div></div></div><div id="brandOtherProducts" class="brandOtherProducts"><div id="brandshop" class="brand-other-products"><h4 class="brandshop-title">텐텐의&nbsp;다른 상품들</h4><div id="brandshopContent" class="brandshop-content twc-pb-[40px]"><div class="recommend-item"><a href="/vp/products/8987313589?itemId=26430725132&amp;vendorItemId=93406516189&amp;sourceType=SDP_BRANDSHOP_RECOMMENDATION" title="한미 추억의 텐텐 츄정 1박스 80정, 32개, 40g"><img alt="텐텐" loading="lazy" width="160" height="160" decoding="async" data-nimg="1" class="recommend-item__image" src="https://thumbnail.coupangcdn.com/thumbnails/remote/292x292q65ex/image/vendor_inventory/d4c6/8bc20ad4d8141b266796497b23c3662e211fd076306319501ef06ee8cadf.jpg" style="color: transparent;"><div class="recommend-item__title twc-mt-[8px] twc-text-[12px]/[1.2] twc-text-[#111]">한미 추억의 텐텐 츄정 1박스 80정, 32개, 40g</div><div class="recommend-item__price-container"><span class="recommend-item__price">62,140원</span></div><div class="product-review"><span class="rating-star-container" style="float: left;"><span class="rating-star-num" style="width: 100%;"></span></span><span class="count">(<em>3</em>)</span></div></a></div><div class="recommend-item"><a href="/vp/products/8289771092?itemId=26634581393&amp;vendorItemId=93607360652&amp;sourceType=SDP_BRANDSHOP_RECOMMENDATION" title="한미 추억의 텐텐 츄정 1박스 80정, 320g, 3개"><img alt="텐텐" loading="lazy" width="160" height="160" decoding="async" data-nimg="1" class="recommend-item__image" src="https://thumbnail.coupangcdn.com/thumbnails/remote/292x292q65ex/image/vendor_inventory/1da5/3286bbceefa7f420f4f2d2a4ac5dcba7ae2223b64d2fbc04afd924c764e0.jpg" style="color: transparent;"><div class="recommend-item__title twc-mt-[8px] twc-text-[12px]/[1.2] twc-text-[#111]">한미 추억의 텐텐 츄정 1박스 80정, 320g, 3개</div><div class="recommend-item__price-container"><span class="recommend-item__price">42,370원</span></div><div class="product-review"><span class="rating-star-container" style="float: left;"><span class="rating-star-num" style="width: 100%;"></span></span><span class="count">(<em>257</em>)</span></div></a></div><div class="recommend-item"><a href="/vp/products/8289771092?itemId=26443551134&amp;vendorItemId=93419114728&amp;sourceType=SDP_BRANDSHOP_RECOMMENDATION" title="한미 추억의 텐텐 츄정 1박스 80정, 40g, 8개"><img alt="텐텐" loading="lazy" width="160" height="160" decoding="async" data-nimg="1" class="recommend-item__image" src="https://thumbnail.coupangcdn.com/thumbnails/remote/292x292q65ex/image/vendor_inventory/a516/c020195f26caa655333fd786c3df743bbeaa7bd05ec4756ca22cdfc7bb92.png" style="color: transparent;"><div class="recommend-item__title twc-mt-[8px] twc-text-[12px]/[1.2] twc-text-[#111]">한미 추억의 텐텐 츄정 1박스 80정, 40g, 8개</div><div class="recommend-item__price-container"><span class="recommend-item__price">17,750원</span></div><div class="product-review"><span class="rating-star-container" style="float: left;"><span class="rating-star-num" style="width: 100%;"></span></span><span class="count">(<em>257</em>)</span></div></a></div><div class="recommend-item"><a href="/vp/products/8987313589?itemId=26331688880&amp;vendorItemId=93308939032&amp;sourceType=SDP_BRANDSHOP_RECOMMENDATION" title="한미 추억의 텐텐 츄정 1박스 80정, 3개, 40g"><img alt="텐텐" loading="lazy" width="160" height="160" decoding="async" data-nimg="1" class="recommend-item__image" src="https://thumbnail.coupangcdn.com/thumbnails/remote/292x292q65ex/image/vendor_inventory/2b00/1ccaad860d5e46b41d3a7b6f2a769e5e93c3e6e3fc816783a8a8215d1332.png" style="color: transparent;"><div class="recommend-item__title twc-mt-[8px] twc-text-[12px]/[1.2] twc-text-[#111]">한미 추억의 텐텐 츄정 1박스 80정, 3개, 40g</div><div class="recommend-item__price-container"><span class="recommend-item__price">8,060원</span></div><div class="product-review"><span class="rating-star-container" style="float: left;"><span class="rating-star-num" style="width: 100%;"></span></span><span class="count">(<em>3</em>)</span></div></a></div><div class="brandshop-info impression-log"><div class="brandshop-info-wrapper"><a id="brandshop-link" href="/np/products/brand-shop?brandName=%ED%85%90%ED%85%90"><div class="brandshop-info__image"><img alt="텐텐" loading="lazy" width="140" height="140" decoding="async" data-nimg="1" class="recommend-item__image" src="//image.coupangcdn.com/image/brandLogo/brandLogo_63df0df5-c25a-4194-bc95-914686354373.JPG" style="color: transparent;"></div><div class="brandshop-info__title">같은 브랜드 상품을 한곳에서 모아볼 수 있어요!</div><div class="branshop-info__total twc-text-[12px]">총 <span class="brandshop-info__total--txt">143</span>개</div><span class="brand-shop-info__more">브랜드샵 구경할까요?</span></a></div></div></div></div></div><div class="sdp-ads impression-log twc-mb-[40px] "><div class="recommendation"><div class="recommendation-header twc-relative"><div class="recommendation-header__title"> 연관 추천 상품 </div><span class="recommendation-header__description"><span class="twc-mt-[3px]"> 광고 </span><span class="question-mark twc-opacity-50 hover:twc-opacity-80 twc-inline-block twc-cursor-pointer  twc-ml-[4px]" style="width: 14px; height: 14px;"><svg xmlns="http://www.w3.org/2000/svg" width="14" height="14" viewBox="0 0 14 15" fill="none"><path fill-rule="evenodd" clip-rule="evenodd" d="M0 7.5C0 3.63401 3.13402 0.5 7 0.5C10.866 0.5 14 3.634 14 7.5C14 11.366 10.866 14.5 7 14.5C3.13402 14.5 0 11.366 0 7.5ZM12.8327 7.49984C12.8327 4.27817 10.221 1.6665 6.99935 1.6665C3.7777 1.6665 1.16602 4.27818 1.16602 7.49984C1.16602 10.7215 3.7777 13.3332 6.99935 13.3332C10.221 13.3332 12.8327 10.7215 12.8327 7.49984ZM5.97852 4.14583C5.97852 3.58204 6.43556 3.125 6.99935 3.125C7.56314 3.125 8.02018 3.58204 8.02018 4.14583C8.02018 4.70962 7.56314 5.16667 6.99935 5.16667C6.43556 5.16667 5.97852 4.70962 5.97852 4.14583ZM7.88467 7.12423C7.84227 6.68051 7.46849 6.3335 7.01367 6.3335C6.53042 6.3335 6.13867 6.72525 6.13867 7.2085V11.0002L6.14268 11.0844C6.18508 11.5281 6.55885 11.8752 7.01367 11.8752C7.49692 11.8752 7.88867 11.4834 7.88867 11.0002V7.2085L7.88467 7.12423Z" fill="#000"></path></svg></span></span><span class="recommendation-header__description-icon-tooltip twc-hidden">쿠팡으로부터 광고 서비스를 구매한 제휴업체의 판매상품입니다.</span></div><div class="ui-recommendation-list"><div class="rl-list"><ul class="carousel-list"><li class="rl-item hps-scroll-item"><a target="_blank" href="/vp/products/8723385560?itemId=25340715040&amp;searchId=975de45a4da44c00b88a1e87bb53466e&amp;vendorItemId=92335396704&amp;sourceType=SDP_BOTTOM_ADS&amp;clickEventId=8f0e3100-990a-11f0-91dc-de0a22930dbf" data-adsplatform="{&quot;viewImpression&quot;:&quot;https://mercury.coupang.com/e.gif?r=8f0e3100-990a-11f0-91dc-de0a22930dbf%7E2&quot;,&quot;impressionLogUri&quot;:&quot;https://mercury.coupang.com/e.gif?r=8f0e3100-990a-11f0-91dc-de0a22930dbf%7E1&quot;,&quot;eventId&quot;:&quot;8f0e3100-990a-11f0-91dc-de0a22930dbf&quot;,&quot;clickLogUri&quot;:&quot;https://mercury.coupang.com/e.gif?r=8f0e3100-990a-11f0-91dc-de0a22930dbf%7E3&quot;}" class="impression-logged view-logged"><div class="rl-item__image-wrap"><img class="rl-item__image" alt="" src="//thumbnail.coupangcdn.com/thumbnails/remote/300x300ex/image/vendor_inventory/image_audit/prod/c60bb292-daa8-499f-9ce2-0ebaae36793c_fixing_v2.png"></div><strong class="rl-item__title">임팩트 민트 카카오 프렌즈 선물세트 무설탕 캔디 4종 사탕, 1세트, 60g</strong><div class="clearFix twc-flex twc-items-center"><span class="rl-item__price twc-mr-[4px]"><em> 19,400원 </em></span></div><img class="rl-item__badge" alt="" loading="lazy" src="https://image.coupangcdn.com/image/coupang/rds/logo/iphone_2x/logoRocketMerchantLargeV3R3@2x.png"><div class="rl-item__unit-price">(10g당 3,233원)</div><div class="rl-item__review"><span class="rl-item__review-score-bg"><span class="rl-item__review-score" style="width: 100%;"><em>100%</em></span></span><span class="rl-item__review-count">(89)</span></div></a></li><li class="rl-item hps-scroll-item"><a target="_blank" href="/vp/products/8966187739?itemId=26239603715&amp;searchId=975de45a4da44c00b88a1e87bb53466e&amp;vendorItemId=93218316628&amp;sourceType=SDP_BOTTOM_ADS&amp;clickEventId=8f0e3100-990a-11f0-a9df-4bd1ab7a38db" data-adsplatform="{&quot;viewImpression&quot;:&quot;https://mercury.coupang.com/e.gif?r=8f0e3100-990a-11f0-a9df-4bd1ab7a38db%7E2&quot;,&quot;impressionLogUri&quot;:&quot;https://mercury.coupang.com/e.gif?r=8f0e3100-990a-11f0-a9df-4bd1ab7a38db%7E1&quot;,&quot;eventId&quot;:&quot;8f0e3100-990a-11f0-a9df-4bd1ab7a38db&quot;,&quot;clickLogUri&quot;:&quot;https://mercury.coupang.com/e.gif?r=8f0e3100-990a-11f0-a9df-4bd1ab7a38db%7E3&quot;}" class="impression-logged view-logged"><div class="rl-item__image-wrap"><img class="rl-item__image" alt="" src="//thumbnail.coupangcdn.com/thumbnails/remote/300x300ex/image/vendor_inventory/2385/0aaa5f9c890174a1afa314e95c9afb68e96a1c68822d11877ba686e0968b.png"></div><strong class="rl-item__title">타미티미 커피콩 캔디 졸음 사탕 커피사탕 6가지 혼합 맛 100g, 1개, 200g</strong><div class="clearFix twc-flex twc-items-center"><span class="rl-item__price twc-mr-[4px]"><em> 25,900원 </em></span></div><div class="rl-item__unit-price">(10g당 1,295원)</div><div class="rl-item__review"><span class="rl-item__review-score-bg"><span class="rl-item__review-score" style="width: 90%;"><em>90%</em></span></span><span class="rl-item__review-count">(11)</span></div></a></li><li class="rl-item hps-scroll-item"><a target="_blank" href="/vp/products/8392021103?itemId=24258964868&amp;searchId=975de45a4da44c00b88a1e87bb53466e&amp;vendorItemId=91275686176&amp;sourceType=SDP_BOTTOM_ADS&amp;clickEventId=8f0e3100-990a-11f0-a986-136003f8350f" data-adsplatform="{&quot;viewImpression&quot;:&quot;https://mercury.coupang.com/e.gif?r=8f0e3100-990a-11f0-a986-136003f8350f%7E2&quot;,&quot;impressionLogUri&quot;:&quot;https://mercury.coupang.com/e.gif?r=8f0e3100-990a-11f0-a986-136003f8350f%7E1&quot;,&quot;eventId&quot;:&quot;8f0e3100-990a-11f0-a986-136003f8350f&quot;,&quot;clickLogUri&quot;:&quot;https://mercury.coupang.com/e.gif?r=8f0e3100-990a-11f0-a986-136003f8350f%7E3&quot;}" class="impression-logged view-logged"><div class="rl-item__image-wrap"><img class="rl-item__image" alt="" src="//thumbnail.coupangcdn.com/thumbnails/remote/300x300ex/image/vendor_inventory/92dc/503da3453bea8c04c08457d5c6e56f06183cc94b2af5bf169242247180ee.png"></div><strong class="rl-item__title">확깨라잠 비타민 졸음캔디 츄어블 50정 스위트 베리믹스맛 무설탕 졸음사탕 졸음방지 졸음번쩍 사탕 수험생필수품, 3개, 100g</strong><div class="clearFix twc-flex twc-items-center"><span class="rl-item__price twc-mr-[4px]"><em> 13,800원 </em></span></div><div class="rl-item__unit-price">(10g당 460원)</div><div class="rl-item__review"><span class="rl-item__review-score-bg"><span class="rl-item__review-score" style="width: 90%;"><em>90%</em></span></span><span class="rl-item__review-count">(81)</span></div></a></li><li class="rl-item hps-scroll-item"><a target="_blank" href="/vp/products/8750618248?itemId=25438336700&amp;searchId=975de45a4da44c00b88a1e87bb53466e&amp;vendorItemId=92431253789&amp;sourceType=SDP_BOTTOM_ADS&amp;clickEventId=8f0e3100-990a-11f0-a4e9-752be6d7f682" data-adsplatform="{&quot;viewImpression&quot;:&quot;https://mercury.coupang.com/e.gif?r=8f0e3100-990a-11f0-a4e9-752be6d7f682%7E2&quot;,&quot;impressionLogUri&quot;:&quot;https://mercury.coupang.com/e.gif?r=8f0e3100-990a-11f0-a4e9-752be6d7f682%7E1&quot;,&quot;eventId&quot;:&quot;8f0e3100-990a-11f0-a4e9-752be6d7f682&quot;,&quot;clickLogUri&quot;:&quot;https://mercury.coupang.com/e.gif?r=8f0e3100-990a-11f0-a4e9-752be6d7f682%7E3&quot;}" class="impression-logged view-logged"><div class="rl-item__image-wrap"><img class="rl-item__image" alt="" src="//thumbnail.coupangcdn.com/thumbnails/remote/300x300ex/image/vendor_inventory/b8de/de7b03e081c9960cbb623cb73cf6258667eb7aae87c84ef1b243a9b06538.JPG"></div><strong class="rl-item__title">묘미담 저당 목쿨캔디 목에좋은 도라지 목캔디, 2개, 85g</strong><div class="clearFix twc-flex twc-items-center"><span class="rl-item__price twc-mr-[4px]"><em> 12,820원 </em></span></div><div class="rl-item__unit-price">(10g당 754원)</div><div class="rl-item__review"><span class="rl-item__review-score-bg"><span class="rl-item__review-score" style="width: 100%;"><em>100%</em></span></span><span class="rl-item__review-count">(69)</span></div></a></li><li class="rl-item hps-scroll-item"><a target="_blank" href="/vp/products/8378399120?itemId=24209750394&amp;searchId=975de45a4da44c00b88a1e87bb53466e&amp;vendorItemId=91347526381&amp;sourceType=SDP_BOTTOM_ADS&amp;clickEventId=8f0e3100-990a-11f0-821c-b6e34c9662a6" data-adsplatform="{&quot;viewImpression&quot;:&quot;https://mercury.coupang.com/e.gif?r=8f0e3100-990a-11f0-821c-b6e34c9662a6%7E2&quot;,&quot;impressionLogUri&quot;:&quot;https://mercury.coupang.com/e.gif?r=8f0e3100-990a-11f0-821c-b6e34c9662a6%7E1&quot;,&quot;eventId&quot;:&quot;8f0e3100-990a-11f0-821c-b6e34c9662a6&quot;,&quot;clickLogUri&quot;:&quot;https://mercury.coupang.com/e.gif?r=8f0e3100-990a-11f0-821c-b6e34c9662a6%7E3&quot;}" class="impression-logged view-logged"><div class="rl-item__image-wrap"><img class="rl-item__image" alt="" src="//thumbnail.coupangcdn.com/thumbnails/remote/300x300ex/image/retail/images/2024/10/24/9/5/2cfd7cf6-4cdc-4e8e-bab0-8d401d140937.png"></div><strong class="rl-item__title">닥터스원 밀크 칼슘 우유 캔디 딸기맛 200p, 1개, 400g</strong><div class="clearFix twc-flex twc-items-center"><span class="rl-item__price twc-mr-[4px]"><em> 13,600원 </em></span></div><img class="rl-item__badge" alt="" loading="lazy" src="https://image.coupangcdn.com/image/badges/rocket/rocket_logo.png"><div class="rl-item__unit-price">(10g당 340원)</div><div class="rl-item__review"><span class="rl-item__review-score-bg"><span class="rl-item__review-score" style="width: 100%;"><em>100%</em></span></span><span class="rl-item__review-count">(80)</span></div></a></li><li class="rl-item hps-scroll-item"><a target="_blank" href="/vp/products/7837978164?itemId=23748400547&amp;searchId=975de45a4da44c00b88a1e87bb53466e&amp;vendorItemId=89544182567&amp;sourceType=SDP_BOTTOM_ADS&amp;clickEventId=8f0e5810-990a-11f0-bf10-444fa8208d10" data-adsplatform="{&quot;viewImpression&quot;:&quot;https://mercury.coupang.com/e.gif?r=8f0e5810-990a-11f0-bf10-444fa8208d10%7E2&quot;,&quot;impressionLogUri&quot;:&quot;https://mercury.coupang.com/e.gif?r=8f0e5810-990a-11f0-bf10-444fa8208d10%7E1&quot;,&quot;eventId&quot;:&quot;8f0e5810-990a-11f0-bf10-444fa8208d10&quot;,&quot;clickLogUri&quot;:&quot;https://mercury.coupang.com/e.gif?r=8f0e5810-990a-11f0-bf10-444fa8208d10%7E3&quot;}" class="impression-logged view-logged"><div class="rl-item__image-wrap"><img class="rl-item__image" alt="" src="//thumbnail.coupangcdn.com/thumbnails/remote/300x300ex/image/vendor_inventory/98ea/5f7539ff0da1a508025c6f14ffb7cca3d9d210047fca2328bd8e5f26e09a.jpg"></div><strong class="rl-item__title">수오미 춘식이 자일리톨 캔디 복숭아 핀란드 무설탕 사탕, 40g, 2개</strong><div class="clearFix twc-flex twc-items-center"><span class="rl-item__price twc-mr-[4px]"><em> 13,390원 </em></span></div><img class="rl-item__badge" alt="" loading="lazy" src="https://image.coupangcdn.com/image/coupang/rds/logo/iphone_2x/logoRocketMerchantLargeV3R3@2x.png"><div class="rl-item__unit-price">(10g당 1,674원)</div><div class="rl-item__review"><span class="rl-item__review-score-bg"><span class="rl-item__review-score" style="width: 100%;"><em>100%</em></span></span><span class="rl-item__review-count">(142)</span></div></a></li><li class="rl-item hps-scroll-item"><a target="_blank" href="/vp/products/8849790445?itemId=25937141698&amp;searchId=975de45a4da44c00b88a1e87bb53466e&amp;vendorItemId=92920504386&amp;sourceType=SDP_BOTTOM_ADS&amp;clickEventId=8f0e5810-990a-11f0-a622-c5afc9a06996" data-adsplatform="{&quot;viewImpression&quot;:&quot;https://mercury.coupang.com/e.gif?r=8f0e5810-990a-11f0-a622-c5afc9a06996%7E2&quot;,&quot;impressionLogUri&quot;:&quot;https://mercury.coupang.com/e.gif?r=8f0e5810-990a-11f0-a622-c5afc9a06996%7E1&quot;,&quot;eventId&quot;:&quot;8f0e5810-990a-11f0-a622-c5afc9a06996&quot;,&quot;clickLogUri&quot;:&quot;https://mercury.coupang.com/e.gif?r=8f0e5810-990a-11f0-a622-c5afc9a06996%7E3&quot;}" class="impression-logged view-logged"><div class="rl-item__image-wrap"><img class="rl-item__image" alt="" src="//thumbnail.coupangcdn.com/thumbnails/remote/300x300ex/image/vendor_inventory/image_audit/stage/manual/cc5864e1c73f3b80dae857eb6eadcf1edf78301c4834afa94ea730c35856_1752200923050.png"></div><strong class="rl-item__title">키펀 핀란드산 무설탕 자일리톨 사탕 스톤 캔디 딸기향, 4개, 30g</strong><div class="clearFix twc-flex twc-items-center"><span class="rl-item__price twc-mr-[4px]"><em> 13,900원 </em></span></div><img class="rl-item__badge" alt="" loading="lazy" src="https://image.coupangcdn.com/image/coupang/rds/logo/iphone_2x/logoRocketMerchantLargeV3R3@2x.png"><div class="rl-item__unit-price">(10g당 1,158원)</div><div class="rl-item__review"><span class="rl-item__review-score-bg"><span class="rl-item__review-score" style="width: 100%;"><em>100%</em></span></span><span class="rl-item__review-count">(9)</span></div></a></li><li class="rl-item hps-scroll-item"><a target="_blank" href="/vp/products/8049191385?itemId=22568237188&amp;searchId=975de45a4da44c00b88a1e87bb53466e&amp;vendorItemId=89610110594&amp;sourceType=SDP_BOTTOM_ADS&amp;clickEventId=8f0e5810-990a-11f0-b56b-424d29f3cf79" data-adsplatform="{&quot;viewImpression&quot;:&quot;https://mercury.coupang.com/e.gif?r=8f0e5810-990a-11f0-b56b-424d29f3cf79%7E2&quot;,&quot;impressionLogUri&quot;:&quot;https://mercury.coupang.com/e.gif?r=8f0e5810-990a-11f0-b56b-424d29f3cf79%7E1&quot;,&quot;eventId&quot;:&quot;8f0e5810-990a-11f0-b56b-424d29f3cf79&quot;,&quot;clickLogUri&quot;:&quot;https://mercury.coupang.com/e.gif?r=8f0e5810-990a-11f0-b56b-424d29f3cf79%7E3&quot;}" class="impression-logged view-logged"><div class="rl-item__image-wrap"><img class="rl-item__image" alt="" src="//thumbnail.coupangcdn.com/thumbnails/remote/300x300ex/image/vendor_inventory/15c0/aacce6fc37878cda4ff779a3b86e64214bc98d86570176036e7e591ba1f2.png"></div><strong class="rl-item__title">자일리톨스톤 미니 페퍼민트부스터 목캔디 맛있는 자일리톨 캔디 사탕 지퍼백 20그램 10개 세트, 20g</strong><div class="clearFix twc-flex twc-items-center"><span class="rl-item__price twc-mr-[4px]"><em> 18,000원 </em></span></div><div class="rl-item__unit-price">(10g당 900원)</div><div class="rl-item__review"><span class="rl-item__review-score-bg"><span class="rl-item__review-score" style="width: 100%;"><em>100%</em></span></span><span class="rl-item__review-count">(15)</span></div></a></li><li class="rl-item hps-scroll-item"><a target="_blank" href="/vp/products/8588739687?itemId=24280616526&amp;searchId=975de45a4da44c00b88a1e87bb53466e&amp;vendorItemId=91296957067&amp;sourceType=SDP_BOTTOM_ADS&amp;clickEventId=8f0e5810-990a-11f0-8128-b1d45ae9ffae" data-adsplatform="{&quot;viewImpression&quot;:&quot;https://mercury.coupang.com/e.gif?r=8f0e5810-990a-11f0-8128-b1d45ae9ffae%7E2&quot;,&quot;impressionLogUri&quot;:&quot;https://mercury.coupang.com/e.gif?r=8f0e5810-990a-11f0-8128-b1d45ae9ffae%7E1&quot;,&quot;eventId&quot;:&quot;8f0e5810-990a-11f0-8128-b1d45ae9ffae&quot;,&quot;clickLogUri&quot;:&quot;https://mercury.coupang.com/e.gif?r=8f0e5810-990a-11f0-8128-b1d45ae9ffae%7E3&quot;}" class="impression-logged view-logged"><div class="rl-item__image-wrap"><img class="rl-item__image" alt="" src="//thumbnail.coupangcdn.com/thumbnails/remote/300x300ex/image/vendor_inventory/image_audit/prod/fa7bef24-348c-45f6-bbf5-11eb25d28d83_fixing_v2.png"></div><strong class="rl-item__title">ALL DAY SHRED - [ENHANCED], 후르츠 펀치 맛, 1개, 200g</strong><div class="clearFix twc-flex twc-items-center"><span class="rl-item__price twc-mr-[4px]"><em> 72,800원 </em></span></div><div class="rl-item__unit-price">(10g당 3,640원)</div><div class="rl-item__review"><span class="rl-item__review-score-bg"><span class="rl-item__review-score" style="width: 100%;"><em>100%</em></span></span><span class="rl-item__review-count">(1)</span></div></a></li><li class="rl-item hps-scroll-item"><a target="_blank" href="/vp/products/7937190396?itemId=21850220435&amp;searchId=975de45a4da44c00b88a1e87bb53466e&amp;vendorItemId=90933809468&amp;sourceType=SDP_BOTTOM_ADS&amp;clickEventId=8f0e5810-990a-11f0-adf1-839b5f917146" data-adsplatform="{&quot;viewImpression&quot;:&quot;https://mercury.coupang.com/e.gif?r=8f0e5810-990a-11f0-adf1-839b5f917146%7E2&quot;,&quot;impressionLogUri&quot;:&quot;https://mercury.coupang.com/e.gif?r=8f0e5810-990a-11f0-adf1-839b5f917146%7E1&quot;,&quot;eventId&quot;:&quot;8f0e5810-990a-11f0-adf1-839b5f917146&quot;,&quot;clickLogUri&quot;:&quot;https://mercury.coupang.com/e.gif?r=8f0e5810-990a-11f0-adf1-839b5f917146%7E3&quot;}" class="impression-logged view-logged"><div class="rl-item__image-wrap"><img class="rl-item__image" alt="" src="//thumbnail.coupangcdn.com/thumbnails/remote/300x300ex/image/retail/images/2024/08/16/10/8/b67805fe-1c59-40ac-a3ad-f7ed87f0f9ce.jpg"></div><strong class="rl-item__title">바라기 건강 캔디 선물세트, 1세트, 405g</strong><div class="clearFix twc-flex twc-items-center"><span class="rl-item__price twc-mr-[4px]"><em> 26,010원 </em></span></div><img class="rl-item__badge" alt="" loading="lazy" src="https://image.coupangcdn.com/image/badges/rocket/rocket_logo.png"><div class="rl-item__unit-price">(10g당 642원)</div><div class="rl-item__review"><span class="rl-item__review-score-bg"><span class="rl-item__review-score" style="width: 100%;"><em>100%</em></span></span><span class="rl-item__review-count">(60)</span></div></a></li><li class="rl-item hps-scroll-item"><a target="_blank" href="/vp/products/6778124999?itemId=21322772298&amp;searchId=975de45a4da44c00b88a1e87bb53466e&amp;vendorItemId=85895971063&amp;sourceType=SDP_BOTTOM_ADS&amp;clickEventId=8f0e5810-990a-11f0-bf21-2e5fa7460f5c" data-adsplatform="{&quot;viewImpression&quot;:&quot;https://mercury.coupang.com/e.gif?r=8f0e5810-990a-11f0-bf21-2e5fa7460f5c%7E2&quot;,&quot;impressionLogUri&quot;:&quot;https://mercury.coupang.com/e.gif?r=8f0e5810-990a-11f0-bf21-2e5fa7460f5c%7E1&quot;,&quot;eventId&quot;:&quot;8f0e5810-990a-11f0-bf21-2e5fa7460f5c&quot;,&quot;clickLogUri&quot;:&quot;https://mercury.coupang.com/e.gif?r=8f0e5810-990a-11f0-bf21-2e5fa7460f5c%7E3&quot;}" class="impression-logged view-logged"><div class="rl-item__image-wrap"><img class="rl-item__image" alt="" src="//thumbnail.coupangcdn.com/thumbnails/remote/300x300ex/image/retail/images/458812794302262-8fb6a6ee-2400-461a-8b81-1bc8767370fa.jpg"></div><strong class="rl-item__title">마더네스트 프로폴리스 마누카 허니 로젠지스 캔디, 300g, 2개</strong><div class="clearFix twc-flex twc-items-center"><span class="rl-item__price twc-mr-[4px]"><em> 27,120원 </em></span></div><img class="rl-item__badge" alt="" loading="lazy" src="https://image.coupangcdn.com/image/badges/rocket/rocket_logo.png"><div class="rl-item__unit-price">(10g당 452원)</div><div class="rl-item__review"><span class="rl-item__review-score-bg"><span class="rl-item__review-score" style="width: 100%;"><em>100%</em></span></span><span class="rl-item__review-count">(2,327)</span></div></a></li></ul></div><a href="#" class="carousel-arrow-button prev"></a><a href="#" class="carousel-arrow-button next"></a></div></div></div><div class="personalizedGW full-width"><div class="carousel-widget-container gw_promotion seven-items-promotion"><div class="promotion-decker-carousel"><div class="promotion-carousel-header"><div class="promotion-title"> 전세계 핫딜 <span class="twc-text-[#9e20d3]">로켓직구 글로벌특가</span></div><div class="promotion-carousel-page-counter"><em>1</em><span>/3</span></div></div><div class="promotion-carousel-body"><div class="promotion-carousel-scroller-wrap"><div class="carousel-scroller" style="transform: translateX(0%);"><ul class="carousel-list promotion-carousel-list seven-items-promotion-list"><li class="promotion-carousel-item"><a data-vendor-item-id="92564181652" data-vendor-id="C00561973" data-product-id="8686449384" data-item-id="25573090756" data-tracking-tag="" data-impression-log-uri="https://mercury.coupang.com/e.gif?t=101&amp;r=kk0PLBy5gE0BNBkCkkTvdRYpiw0hxSxrGyLt1spDJmm9ybzoDSAT31kh_YgO6Mma8GLPi4fzlag1YzbLveZnJjinzxQ4nqUOISrvUs8xci46D5neOal476LbXUMQ4dU1-JskZ4IlwuSg7auecq1jQS_oSR-Q7FwJYtDq0qcYOqRLcQtCXd-k5OLTPIyYKdtjv2O5IG1Q1HkILmhZQI4JMIs6P1dNdRJ-MHXPMMD77znOs2NK5d9RyLTlWaYP22KiAurOiaZ9LnZL3ZkV-s14CiGenjj7bGQm3gccYhGYDWGRSmPXLuLUrSFdipHEJRb4pfTxqC3xVLQ0n9HJ" data-click-log-uri="https://mercury.coupang.com/e.gif?t=100&amp;r=OS4w5QZClxYieDUnOf0oPRCXnvXexBQbT5cDdgJfwDs8FOCE58Zi_vUOzb_RAvgNt3iJLEyL1eY2iyCZdj7WcDsA6m1n1wBDgI_9Rf1aHxKtu1L-1jFL8J4t8sFXY-JrF2LXOu-HrvdQxF02M_OsYsWdw4Y0enefFDr9HfQXFhZDXSA67Jj4QpiMJFoQ7bLqgwjEksML5JXikVpLiDRoxiYjBSbXNtVbFC6uFub_KLdRvSxUGl5Rm8GNXmEpnNjKdUD-4P05ND0nCUG0_sShl5fyLo-wPqfYWDeCkjjvPmiAfjcYFWUW1WW-7QorJ_D-q3BQytj93A%3D%3D" data-click-logging="{&quot;targetProductId&quot;:8686449384,&quot;targetVendorItemId&quot;:92564181652,&quot;targetItemId&quot;:25573090756,&quot;pageName&quot;:&quot;recommendation&quot;,&quot;domain&quot;:&quot;sdp&quot;,&quot;eventName&quot;:&quot;sdp_jikgu_promotion&quot;}" data-adsplatform="{&quot;clickLogUri&quot;:&quot;https://mercury.coupang.com/e.gif?t=100&amp;r=OS4w5QZClxYieDUnOf0oPRCXnvXexBQbT5cDdgJfwDs8FOCE58Zi_vUOzb_RAvgNt3iJLEyL1eY2iyCZdj7WcDsA6m1n1wBDgI_9Rf1aHxKtu1L-1jFL8J4t8sFXY-JrF2LXOu-HrvdQxF02M_OsYsWdw4Y0enefFDr9HfQXFhZDXSA67Jj4QpiMJFoQ7bLqgwjEksML5JXikVpLiDRoxiYjBSbXNtVbFC6uFub_KLdRvSxUGl5Rm8GNXmEpnNjKdUD-4P05ND0nCUG0_sShl5fyLo-wPqfYWDeCkjjvPmiAfjcYFWUW1WW-7QorJ_D-q3BQytj93A%3D%3D&quot;, &quot;impressionLogUri&quot;:&quot;https://mercury.coupang.com/e.gif?t=101&amp;r=kk0PLBy5gE0BNBkCkkTvdRYpiw0hxSxrGyLt1spDJmm9ybzoDSAT31kh_YgO6Mma8GLPi4fzlag1YzbLveZnJjinzxQ4nqUOISrvUs8xci46D5neOal476LbXUMQ4dU1-JskZ4IlwuSg7auecq1jQS_oSR-Q7FwJYtDq0qcYOqRLcQtCXd-k5OLTPIyYKdtjv2O5IG1Q1HkILmhZQI4JMIs6P1dNdRJ-MHXPMMD77znOs2NK5d9RyLTlWaYP22KiAurOiaZ9LnZL3ZkV-s14CiGenjj7bGQm3gccYhGYDWGRSmPXLuLUrSFdipHEJRb4pfTxqC3xVLQ0n9HJ&quot;, &quot;viewImpression&quot;: &quot;https://mercury.coupang.com/e.gif?t=102&amp;r=ABWQMt7hcH6UAOSvAHmhVLDSsBTwcYVdf_qWh9hTL5logRJPf3zuA2SpYYdd1lSzeDjV8p23uHDZywaqV0cb8BSN9PJCqFnBDj8vbyai1D22TYGh28CkyOHAP8Ewt2myfbDZmPRHOkR5Y2cnPVH9SV7DbALPHXSwfiElbs8A_e6_RQWafSRaYpj1v5hkviMOIc_z1LLQ4fSNgUO_ZRBXJqZaz6vcIJ6Kxc6iFgQiYZhX17BMVDInrZ92NwPndo-Y_1gt2X_Ehu2OOfv69eOGluqIQLP3YM7o5MTodXb3_NXs3R_t4EZjmpwRuWXQMNtOfqwNb3ng&quot; }" target="_blank" href="/vp/products/8686449384?vendorItemId=92564181652&amp;sourceType=sdp_jikgu_promotion&amp;searchId=feed-79405b6ec40d48e4b505c883722e5cc6-3.3.169:jikgu_promotion" class="impression-logged view-logged"><div class="promotion-item-image"><img alt="듀포 기아쵸 민트 캔디, 150g, 4개" loading="lazy" src="//thumbnail9.coupangcdn.com/thumbnails/remote/292x292q65ex/image/vendor_inventory/7ea2/27f808334eafa4a12def721faea5e3e3a2bf1cc0ef01866035aea8877017.jpg"></div><div class="promotion-badge">특가진행중</div><div class="promotion-item-info-wrap"><div class="item-title">듀포 기아쵸 민트 캔디, 150g, 4개</div><div class="discount-contain"><span class="discount-text">와우할인가</span><span class="discount-rate">46%</span><span class="origin-price">31,500</span></div><div class="promotion-item-price-contain"><span class="sales-price">17,000원</span><img alt="https://image6.coupangcdn.com/image/delivery_badge/default/pc/global_b/global_b.png" class="jikgu-badge" loading="lazy" src="https://image6.coupangcdn.com/image/delivery_badge/default/pc/global_b/global_b.png"></div><div class="unit-price">(10g 283원)</div><div class="stock_percent_contain"><div class="progress_contain"><div class="progress_position" style="width: 99%;"></div></div><div class="progress_text">99 % 남음</div></div></div></a></li><li class="promotion-carousel-item"><a data-vendor-item-id="92564181269" data-vendor-id="C00561973" data-product-id="8686449448" data-item-id="25573090302" data-tracking-tag="" data-impression-log-uri="https://mercury.coupang.com/e.gif?t=101&amp;r=iPruZFQqPu053cHUiLipD9pf42eKRx6oq_n4oMrKqdB67ZI5AnKokaOiELGfabsuADFOscnFIqWTrvEi3_hm07drbQ-M8b4FXJ-daeIis-UpJDfQ5tBmvHqkeodfcrtdaOxPlUSrM9jMLBg-opztC8ANH1mwVneeRD1x7mYq7Ziw5gdkbminHCRkUkJL648N-GNNGz96_sI3_gY3tyGPSFASlq55A7nxdQivOLf1xIHXKMZZ02P_pe5IHIzHtWKHNZgqhzAxbnVEo5dMtiL5YrKWmH8qcbb1bo9HeMgLn8J9Eizx9YSyPByuQU8OKAgzpY5cPYysD79mHkS9c1A%3D" data-click-log-uri="https://mercury.coupang.com/e.gif?t=100&amp;r=zmjwl_0aRtQPmw-ezrYqk4ADfkLhzxpB-rPxuZ9XiSy7BBTHh-NELh8HCp6SeuNt764F-fMxmXkQl2dma8YSkj9lr37Ceo57Z3cwVJ852f5tLSy4gIM0TA6LOShM1z8wkzNY0cW1ulZ2Hiv2hV-QV0WeziS77JdHZ0nh2Ubi2_o238A1ECvufS49PkJ_zepvIBSNZ3mRs5tbGatlb_bB3Be6ioy20z3F1bUf7bF4Ms3bTLnJvEtGbkpfBkEXBff5KyCdW2CY6g0wAYBPrLXG8GhNL9JmJ2lmBntgi_0hL51goZRIeRZHlefSy_autva9S_Mp2k_umFU8" data-click-logging="{&quot;targetProductId&quot;:8686449448,&quot;targetVendorItemId&quot;:92564181269,&quot;targetItemId&quot;:25573090302,&quot;pageName&quot;:&quot;recommendation&quot;,&quot;domain&quot;:&quot;sdp&quot;,&quot;eventName&quot;:&quot;sdp_jikgu_promotion&quot;}" data-adsplatform="{&quot;clickLogUri&quot;:&quot;https://mercury.coupang.com/e.gif?t=100&amp;r=zmjwl_0aRtQPmw-ezrYqk4ADfkLhzxpB-rPxuZ9XiSy7BBTHh-NELh8HCp6SeuNt764F-fMxmXkQl2dma8YSkj9lr37Ceo57Z3cwVJ852f5tLSy4gIM0TA6LOShM1z8wkzNY0cW1ulZ2Hiv2hV-QV0WeziS77JdHZ0nh2Ubi2_o238A1ECvufS49PkJ_zepvIBSNZ3mRs5tbGatlb_bB3Be6ioy20z3F1bUf7bF4Ms3bTLnJvEtGbkpfBkEXBff5KyCdW2CY6g0wAYBPrLXG8GhNL9JmJ2lmBntgi_0hL51goZRIeRZHlefSy_autva9S_Mp2k_umFU8&quot;, &quot;impressionLogUri&quot;:&quot;https://mercury.coupang.com/e.gif?t=101&amp;r=iPruZFQqPu053cHUiLipD9pf42eKRx6oq_n4oMrKqdB67ZI5AnKokaOiELGfabsuADFOscnFIqWTrvEi3_hm07drbQ-M8b4FXJ-daeIis-UpJDfQ5tBmvHqkeodfcrtdaOxPlUSrM9jMLBg-opztC8ANH1mwVneeRD1x7mYq7Ziw5gdkbminHCRkUkJL648N-GNNGz96_sI3_gY3tyGPSFASlq55A7nxdQivOLf1xIHXKMZZ02P_pe5IHIzHtWKHNZgqhzAxbnVEo5dMtiL5YrKWmH8qcbb1bo9HeMgLn8J9Eizx9YSyPByuQU8OKAgzpY5cPYysD79mHkS9c1A%3D&quot;, &quot;viewImpression&quot;: &quot;https://mercury.coupang.com/e.gif?t=102&amp;r=ztVQDZ436NBnDNbEzg83DJO6kLyjSbbaJYc3UgUkB_Xhh1LkE7Qf9MkwnzzlLnowyKQGe74IYkL1dPJBZR4xgC4xgaA3AG6Kc1YEjhP_4NtrUrXFwj6RLZJBGRxqUfnBC5VX3_HLA8ZTDi7oEdg7aYimyB8xjvDyIT5upmZPaqwN-bsCq3cThlJfhazjf0L37Ef3jlf5MRKbvJp0aPvD8UPkUvBQE-yAgE863GBKQWofkV_wLoqcqMQ6YvICSd6qjHcGIReAI7e44bki4UmmSp6P2pbdyKWLw24SWGWPfA2Xg8nVOuT9sVyTkWgHHRAidUaXi1e7UkA%3D&quot; }" target="_blank" href="/vp/products/8686449448?vendorItemId=92564181269&amp;sourceType=sdp_jikgu_promotion&amp;searchId=feed-79405b6ec40d48e4b505c883722e5cc6-3.3.169:jikgu_promotion" class="impression-logged view-logged"><div class="promotion-item-image"><img alt="듀포 모라본 구미젤리, 150g, 4개" loading="lazy" src="//thumbnail8.coupangcdn.com/thumbnails/remote/292x292q65ex/image/vendor_inventory/bcf5/ade108c65b7195af9c45d2861f37f87039e29838e9a0bfb6dfced5b7a7de.jpg"></div><div class="promotion-badge">특가진행중</div><div class="promotion-item-info-wrap"><div class="item-title">듀포 모라본 구미젤리, 150g, 4개</div><div class="discount-contain"><span class="discount-text">와우할인가</span><span class="discount-rate">46%</span><span class="origin-price">31,500</span></div><div class="promotion-item-price-contain"><span class="sales-price">17,000원</span><img alt="https://image6.coupangcdn.com/image/delivery_badge/default/pc/global_b/global_b.png" class="jikgu-badge" loading="lazy" src="https://image6.coupangcdn.com/image/delivery_badge/default/pc/global_b/global_b.png"></div><div class="unit-price">(10g 283원)</div><div class="stock_percent_contain"><div class="progress_contain"><div class="progress_position" style="width: 99%;"></div></div><div class="progress_text">99 % 남음</div></div></div></a></li><li class="promotion-carousel-item"><a data-vendor-item-id="88742350694" data-vendor-id="C01050096" data-product-id="7956597786" data-item-id="21984035285" data-tracking-tag="" data-impression-log-uri="https://mercury.coupang.com/e.gif?t=101&amp;r=gOIzJbEOJ-Z0rr0vgMTDuXZlbLwPXLCoqqMqV4_y-KTgEZnm1CNVRIqMT5m7meMHpZY3kR1LEd4lxvwtZA1o1tekaVeiwaTL8wJw3lm5b0bMQozyU_7QN1F1KI6Mlov70UhiSyT7UWVa_JBoKiNz1RN6XoIdR1aIluco9zUhSWbXD4WnFvzWapaEZb04aVPpuwaUbhG4r49KGgSJWBWfKHhWXMcl-Adh8t5Sfgi-RoGlRU4V7eh8eYtxXU76rok57yVf2Kd8KWOl5aNJ1rh1yM21HqBMV3wIkJcg4MFYqkCrywELeS_t7UmfkFzYlZSg8gzPGsPmVbYIYAxEbZA%3D" data-click-log-uri="https://mercury.coupang.com/e.gif?t=100&amp;r=em8DpZ3MNSM6T0fkeomxHxy-zrRZpqA-n2cpN-LLbPcCo2IXHf7TJo45hPMKOW4tuk28sjvM5qG7tH4aP5ArSOwEYII0RYmWYNpSsMRwt2JoIiKSTEvWFRkQodw0vIiMehvYlJXOseR1F3h4VDhu8vAj0KEOPAgRC0Yyp_LoqsElFa9ba4a7VZVZwYL2xEN_gEdnl22NnHR_Y_MK-SCQbQ8X3hSsgXedLrmg2gkTu_qyyu5NwFxcWrSiQUXzi_9UPUEhcXdVtYYAPdGdrB7dkd6eJOb5KL6Gc4C5qG5WBR1enWEPk0MpGZqsmekwyuc9UhU1rmtfjwL7" data-click-logging="{&quot;targetProductId&quot;:7956597786,&quot;targetVendorItemId&quot;:88742350694,&quot;targetItemId&quot;:21984035285,&quot;pageName&quot;:&quot;recommendation&quot;,&quot;domain&quot;:&quot;sdp&quot;,&quot;eventName&quot;:&quot;sdp_jikgu_promotion&quot;}" data-adsplatform="{&quot;clickLogUri&quot;:&quot;https://mercury.coupang.com/e.gif?t=100&amp;r=em8DpZ3MNSM6T0fkeomxHxy-zrRZpqA-n2cpN-LLbPcCo2IXHf7TJo45hPMKOW4tuk28sjvM5qG7tH4aP5ArSOwEYII0RYmWYNpSsMRwt2JoIiKSTEvWFRkQodw0vIiMehvYlJXOseR1F3h4VDhu8vAj0KEOPAgRC0Yyp_LoqsElFa9ba4a7VZVZwYL2xEN_gEdnl22NnHR_Y_MK-SCQbQ8X3hSsgXedLrmg2gkTu_qyyu5NwFxcWrSiQUXzi_9UPUEhcXdVtYYAPdGdrB7dkd6eJOb5KL6Gc4C5qG5WBR1enWEPk0MpGZqsmekwyuc9UhU1rmtfjwL7&quot;, &quot;impressionLogUri&quot;:&quot;https://mercury.coupang.com/e.gif?t=101&amp;r=gOIzJbEOJ-Z0rr0vgMTDuXZlbLwPXLCoqqMqV4_y-KTgEZnm1CNVRIqMT5m7meMHpZY3kR1LEd4lxvwtZA1o1tekaVeiwaTL8wJw3lm5b0bMQozyU_7QN1F1KI6Mlov70UhiSyT7UWVa_JBoKiNz1RN6XoIdR1aIluco9zUhSWbXD4WnFvzWapaEZb04aVPpuwaUbhG4r49KGgSJWBWfKHhWXMcl-Adh8t5Sfgi-RoGlRU4V7eh8eYtxXU76rok57yVf2Kd8KWOl5aNJ1rh1yM21HqBMV3wIkJcg4MFYqkCrywELeS_t7UmfkFzYlZSg8gzPGsPmVbYIYAxEbZA%3D&quot;, &quot;viewImpression&quot;: &quot;https://mercury.coupang.com/e.gif?t=102&amp;r=IUmVmewiK9cLbQudISqXZbmO-kHxfeHfTndF9la1Ji-QZt9ENqR6-_rL3Kms7ogvV1EET9QmNP0DkuYTzd4f-vHrpTL-SrUdEuEZb1xWSdj_km17uMA2S5BBUFpqtcYnM8hILb-zGoShZmIMhjmdp05-AGytv9OqvRPqw0Oi_aoh7_3IgHlSfdcnISfmsswr4AHTdNxG0qR0NTSbe9wMYYLdEwlBNl_OIL7wOGaSP8Sxy3XSI1apX9U3m6ZXfN_ipW4QiTnYxYBnO04js7jgNPuArUH6WCbrXnaCEvSdbJz6fnHulAE9igAljUZoNBsglfqJZUAOWyc%3D&quot; }" target="_blank" href="/vp/products/7956597786?vendorItemId=88742350694&amp;sourceType=sdp_jikgu_promotion&amp;searchId=feed-79405b6ec40d48e4b505c883722e5cc6-3.3.169:jikgu_promotion" class="impression-logged view-logged"><div class="promotion-item-image"><img alt="모리나가 하이츄 어쏘트 그레이프 + 스트로베리 그린 애플맛, 86g, 8개" loading="lazy" src="//thumbnail5.coupangcdn.com/thumbnails/remote/292x292q65ex/image/vendor_inventory/f4ab/ee7adff77e8018ba371360e9550ed3130979dbd65deec259d75a07b7606a.jpg"></div><div class="promotion-badge">특가진행중</div><div class="promotion-item-info-wrap"><div class="item-title">모리나가 하이츄 어쏘트 그레이프 + 스트로베리 그린 애플맛, 86g, 8개</div><div class="discount-contain"><span class="discount-text">와우할인가</span><span class="discount-rate">25%</span><span class="origin-price">22,890</span></div><div class="promotion-item-price-contain"><span class="sales-price">17,160원</span><img alt="https://image6.coupangcdn.com/image/delivery_badge/default/pc/global_b/global_b.png" class="jikgu-badge" loading="lazy" src="https://image6.coupangcdn.com/image/delivery_badge/default/pc/global_b/global_b.png"></div><div class="unit-price">(10g 249원)</div><div class="promotion-item-review"><span class="split-bg item-review-score-bg"><span class="item-review-score split-bg" style="width: 100%;">100%</span></span><span class="promotion-item-review-count">(312)</span></div><div class="stock_percent_contain"><div class="progress_contain"><div class="progress_position" style="width: 1%;"></div></div><div class="progress_text">1 % 남음</div></div></div></a></li><li class="promotion-carousel-item"><a data-vendor-item-id="92564179994" data-vendor-id="C00561973" data-product-id="8686449416" data-item-id="25573089130" data-tracking-tag="" data-impression-log-uri="https://mercury.coupang.com/e.gif?t=101&amp;r=GYgw0I_s1tGteYepGWX_tAoMH7Q-qTT8W7Ngi3hBSUN3Zv89a0lqLLqU_rSHjma5VaWvKleBkTmXJnOzw1Z9VmM7zWRArghsKkSdALBJ9lnCI6qfqyzNYioB2xokE3UeStMposG_goeBuiSIKLgKxSIyEXGcqBAFN_O_jB9mQLy3tKQZ5mam11GFTSv44p6-mZ0xauikFNr_DfUpz1VL10lWN3gfNiyprOg2KYVsAPLNZ7yZ_3gx_oYI5PN0q2gtVMuXw6LQIZbIorBS9aCn6I1JICBnakjUOu6DMCa36kAZU2rxXeO2enwFTnKnqWWG06ZwcZ54qs9bvAXsWAQ%3D" data-click-log-uri="https://mercury.coupang.com/e.gif?t=100&amp;r=E3-tVQiPkQzr_ASNEy7M4aD7bsHt7ZN_JnONS73CHx0w79mv6JuB63V2q7uDfk6g5twR-skY7EWr2z4WliOFQaMn3ra7uNqL3UpL1mfBzEJ52ZhGZ3DMXlIg0RI-XuCiE8Y_GyJX6LNt-_HiRMrIl2rBipmXpGbjL9RRcTJKjw5jkwXMtDUGRoS4e6YwJrCVHzccLNd9Gs0h0J5gDK5dGxqLFoTM5oteKAiHic45AQhnJHi98mkVxEerC_QHS86A8Ot4VrREj4I_k3hwb8f-dfyruH_1WqT8Rs7S_tsckVOw0zImV2LQc_HvM79fUmE35k1fhIn9vES3" data-click-logging="{&quot;targetProductId&quot;:8686449416,&quot;targetVendorItemId&quot;:92564179994,&quot;targetItemId&quot;:25573089130,&quot;pageName&quot;:&quot;recommendation&quot;,&quot;domain&quot;:&quot;sdp&quot;,&quot;eventName&quot;:&quot;sdp_jikgu_promotion&quot;}" data-adsplatform="{&quot;clickLogUri&quot;:&quot;https://mercury.coupang.com/e.gif?t=100&amp;r=E3-tVQiPkQzr_ASNEy7M4aD7bsHt7ZN_JnONS73CHx0w79mv6JuB63V2q7uDfk6g5twR-skY7EWr2z4WliOFQaMn3ra7uNqL3UpL1mfBzEJ52ZhGZ3DMXlIg0RI-XuCiE8Y_GyJX6LNt-_HiRMrIl2rBipmXpGbjL9RRcTJKjw5jkwXMtDUGRoS4e6YwJrCVHzccLNd9Gs0h0J5gDK5dGxqLFoTM5oteKAiHic45AQhnJHi98mkVxEerC_QHS86A8Ot4VrREj4I_k3hwb8f-dfyruH_1WqT8Rs7S_tsckVOw0zImV2LQc_HvM79fUmE35k1fhIn9vES3&quot;, &quot;impressionLogUri&quot;:&quot;https://mercury.coupang.com/e.gif?t=101&amp;r=GYgw0I_s1tGteYepGWX_tAoMH7Q-qTT8W7Ngi3hBSUN3Zv89a0lqLLqU_rSHjma5VaWvKleBkTmXJnOzw1Z9VmM7zWRArghsKkSdALBJ9lnCI6qfqyzNYioB2xokE3UeStMposG_goeBuiSIKLgKxSIyEXGcqBAFN_O_jB9mQLy3tKQZ5mam11GFTSv44p6-mZ0xauikFNr_DfUpz1VL10lWN3gfNiyprOg2KYVsAPLNZ7yZ_3gx_oYI5PN0q2gtVMuXw6LQIZbIorBS9aCn6I1JICBnakjUOu6DMCa36kAZU2rxXeO2enwFTnKnqWWG06ZwcZ54qs9bvAXsWAQ%3D&quot;, &quot;viewImpression&quot;: &quot;https://mercury.coupang.com/e.gif?t=102&amp;r=m4khTQAyjjB0ePEXm-JIbtapOamO7kUY9TFROjqJVdWNmuwucRuSXJFkv5ElB3HoWXtd8VY74CeZFeL6Lk0sbEXHb7KKUKeAD77yi5soGs4wxahCqxV-kHaD_GDbC5613ji5aC3VtF8tC6viUrIpWvL25IPVHXvhyLooV6K5qgXBi_QmxCszEnX4LIEPsUHrsLXEW_PAav8ZauopOWKcq91RXVZiGcwHeoayYDwxoDtKGyjo30ddVhdKTiWrzzm8p4WZ_M1QWi9200QyQVjHo8uC4eMjJjMONLMBWu71_Xr8LYvyEr80yusnr2xpk3POm7xOYUJo5zs%3D&quot; }" target="_blank" href="/vp/products/8686449416?vendorItemId=92564179994&amp;sourceType=sdp_jikgu_promotion&amp;searchId=feed-79405b6ec40d48e4b505c883722e5cc6-3.3.169:jikgu_promotion" class="impression-logged view-logged"><div class="promotion-item-image"><img alt="듀포 빅 프루트 젤리 오렌지 + 레몬 + 만다린 + 그레이프프루트 맛, 150g, 6개" loading="lazy" src="//thumbnail5.coupangcdn.com/thumbnails/remote/292x292q65ex/image/vendor_inventory/ad32/751d8fc7b82ce5c876081d5b7b836cf3e271c9f1929cd0d6ae67683d753e.jpg"></div><div class="promotion-badge">특가진행중</div><div class="promotion-item-info-wrap"><div class="item-title">듀포 빅 프루트 젤리 오렌지 + 레몬 + 만다린 + 그레이프프루트 맛, 150g, 6개</div><div class="discount-contain"><span class="discount-text">와우할인가</span><span class="discount-rate">56%</span><span class="origin-price">48,000</span></div><div class="promotion-item-price-contain"><span class="sales-price">21,000원</span><img alt="https://image6.coupangcdn.com/image/delivery_badge/default/pc/global_b/global_b.png" class="jikgu-badge" loading="lazy" src="https://image6.coupangcdn.com/image/delivery_badge/default/pc/global_b/global_b.png"></div><div class="unit-price">(10g 233원)</div><div class="delivery-text">무료배송</div><div class="stock_percent_contain"><div class="progress_contain"><div class="progress_position" style="width: 99%;"></div></div><div class="progress_text">99 % 남음</div></div></div></a></li><li class="promotion-carousel-item"><a data-vendor-item-id="92213681627" data-vendor-id="C00561973" data-product-id="8043571040" data-item-id="26218581415" data-tracking-tag="" data-impression-log-uri="https://mercury.coupang.com/e.gif?t=101&amp;r=OIl_FG6NJP0sQyIKOMUEcQqqsVqWrTGINTsH9ToDd2LFOEwnD6WvJ9mA0G2HK86FpWQIvEwEnPP6-0m9FpKAav0rV1c_RJ2LXOZ2hXWxnEaWIJZC4g698Roq_O4GRGk2rJ4iXUsFAy7REgd172ygDXcpUrW75J7XbabdJJJFLBZBWpS8EYoGpx4jN2bWO0261-tIKjBevir9bjVp5iQUO3TmRFN2BalVENE0IyOVD22tWbTgYRYFnodl9g31C-U_CAimJNVeJYbDkbVHoQxr4FFrDwqC3jV1gauSuUHmI1T82GFQKcC2eOjTonDithg1R11MMlrTY783Tdqn6xM%3D" data-click-log-uri="https://mercury.coupang.com/e.gif?t=100&amp;r=cnr0pBiMIZ75i8OPclxuIOW08goXKEf1ffpgK0yhEKszWpfkOHgqD9uu4u__JcA_xNb251OM0an0ktcgRSZP2sgg9E0cpy-SN0BEAHaX0qhyCvRY1_fSqp8XCiMASCcpqYgSAEI6NcBzWb8L7WnQvDbBmOzvV0ovW4dFpWCN8pFWZkaXzJdsN_5ouyzTEMUKPjNEoYADw7pwDpXt-PzcfVrec8dsZqfpPK4fsYOkW9pAj180ofZ81dyHeLeLkB5MH3hDCHIYySkyy3Ht1VXFnyos2mX5tXDswtCujMp0x8sB5sMVt1EtienCCBz7Vlj1hXonCMa3USPQ" data-click-logging="{&quot;targetProductId&quot;:8043571040,&quot;targetVendorItemId&quot;:92213681627,&quot;targetItemId&quot;:26218581415,&quot;pageName&quot;:&quot;recommendation&quot;,&quot;domain&quot;:&quot;sdp&quot;,&quot;eventName&quot;:&quot;sdp_jikgu_promotion&quot;}" data-adsplatform="{&quot;clickLogUri&quot;:&quot;https://mercury.coupang.com/e.gif?t=100&amp;r=cnr0pBiMIZ75i8OPclxuIOW08goXKEf1ffpgK0yhEKszWpfkOHgqD9uu4u__JcA_xNb251OM0an0ktcgRSZP2sgg9E0cpy-SN0BEAHaX0qhyCvRY1_fSqp8XCiMASCcpqYgSAEI6NcBzWb8L7WnQvDbBmOzvV0ovW4dFpWCN8pFWZkaXzJdsN_5ouyzTEMUKPjNEoYADw7pwDpXt-PzcfVrec8dsZqfpPK4fsYOkW9pAj180ofZ81dyHeLeLkB5MH3hDCHIYySkyy3Ht1VXFnyos2mX5tXDswtCujMp0x8sB5sMVt1EtienCCBz7Vlj1hXonCMa3USPQ&quot;, &quot;impressionLogUri&quot;:&quot;https://mercury.coupang.com/e.gif?t=101&amp;r=OIl_FG6NJP0sQyIKOMUEcQqqsVqWrTGINTsH9ToDd2LFOEwnD6WvJ9mA0G2HK86FpWQIvEwEnPP6-0m9FpKAav0rV1c_RJ2LXOZ2hXWxnEaWIJZC4g698Roq_O4GRGk2rJ4iXUsFAy7REgd172ygDXcpUrW75J7XbabdJJJFLBZBWpS8EYoGpx4jN2bWO0261-tIKjBevir9bjVp5iQUO3TmRFN2BalVENE0IyOVD22tWbTgYRYFnodl9g31C-U_CAimJNVeJYbDkbVHoQxr4FFrDwqC3jV1gauSuUHmI1T82GFQKcC2eOjTonDithg1R11MMlrTY783Tdqn6xM%3D&quot;, &quot;viewImpression&quot;: &quot;https://mercury.coupang.com/e.gif?t=102&amp;r=b893UKtUNpOAkWOdbzyuykF1aLeyNv-km2d10zpe6u5ExcsWFgT-QRQwLKl1LzDO-5Gx9NCE_y0Z4pn1jUXChw3rJjTCl7BuZLGR06v6jfTriLcmQxUciunjXdr4_7kswjaZMqYQIBBThP9owU4du8baL-UMVSmW-Y1GWNC_k3PPXrq2C0YKweYqVsGGcFMHEt54Frai-WU2M_pJiLJuymVYhjNuvdbgLnLhqg5c_ppiM-vrQLl8NT7AkcUf8-jFZ17eJ72BQ6ubhCkputc66PVDLofnbiy5FMd9MTGAhase4g4j3Ws13zynLDUGZ-5MxJ00UJu9IR0%3D&quot; }" target="_blank" href="/vp/products/8043571040?vendorItemId=92213681627&amp;sourceType=sdp_jikgu_promotion&amp;searchId=feed-79405b6ec40d48e4b505c883722e5cc6-3.3.169:jikgu_promotion" class="impression-logged view-logged"><div class="promotion-item-image"><img alt="듀포 셀즈 소다 캔디 오렌지 + 레몬 맛, 1개, 150g" loading="lazy" src="//thumbnail10.coupangcdn.com/thumbnails/remote/292x292q65ex/image/vendor_inventory/031c/1920c9aeb6736b0b77a63660df78d91b6bce6de295ea15a6e54153bcd1db.jpg"></div><div class="promotion-badge">특가진행중</div><div class="promotion-item-info-wrap"><div class="item-title">듀포 셀즈 소다 캔디 오렌지 + 레몬 맛, 1개, 150g</div><div class="discount-contain"><span class="discount-text">와우할인가</span><span class="discount-rate">20%</span><span class="origin-price">8,770</span></div><div class="promotion-item-price-contain"><span class="sales-price">7,000원</span><img alt="https://image6.coupangcdn.com/image/delivery_badge/default/pc/global_b/global_b.png" class="jikgu-badge" loading="lazy" src="https://image6.coupangcdn.com/image/delivery_badge/default/pc/global_b/global_b.png"></div><div class="unit-price">(10g 467원)</div><div class="delivery-text">무료배송</div><div class="promotion-item-review"><span class="split-bg item-review-score-bg"><span class="item-review-score split-bg" style="width: 100%;">100%</span></span><span class="promotion-item-review-count">(2)</span></div><div class="stock_percent_contain"><div class="progress_contain"><div class="progress_position" style="width: 99%;"></div></div><div class="progress_text">99 % 남음</div></div></div></a></li><li class="promotion-carousel-item"><a data-vendor-item-id="92564179138" data-vendor-id="C00561973" data-product-id="8686449483" data-item-id="25573088165" data-tracking-tag="" data-impression-log-uri="https://mercury.coupang.com/e.gif?t=101&amp;r=7WQA9TNT389A-wOV7avq2TMZ49if24Lac4Jfo46bhseJifEFPkg__w98RmYx34r_mL4pjtz51FZg4T6YkHl8FpArzHZBDflBeq2JXz4iBrTtPTzgh9ugTygt6kHS7WDQlvef5oz7WJXGE0olMoyDMsGJI-COUu_6-JmKYd6-cKPId005XaALQ5mcc-8dAXcoFA6yV-4Rhs3gGKy27fMPp43wF3_qXGKEda0w_XSV8g_0_-gzNsB4Zxdg4zUNjS1OZf1bFvv7tkEvjVrXPU_xi9QgdLyIdReE0mMgu0wKvI7ozVjkP4C5h0tJMH6TryWR9Zj0Wk3bZOZfjRNqilA%3D" data-click-log-uri="https://mercury.coupang.com/e.gif?t=100&amp;r=6k0tG09xdlfYJgAe6tl-ytWHtEBNUhL90mBxRair0bDtAMt7jGkxqLsAbvB6leTql9D6PatprYH2V0RWau8cPP_sbiFugf7n7WZZS4BqxEPTpehbEK3bVihjgqRerD7s4ZDKnR52o6rOZVQmF5QURrGlEaoL_ItP7IvD8yG-UboXvLfW3oAZfU_Vj9M-VWgxix7L0DSaA9nf97755dAS7368YR6C4bwwUXJgs7zmogftRQ0Shsx07OPoIszcVHPFw54ufGEwOqFJUCFZsq3o9VIZwmorQDYJ5FuXL5bl1fVgvbr9LEo9CZHFEtoAFAjllI1YtXKT_9go" data-click-logging="{&quot;targetProductId&quot;:8686449483,&quot;targetVendorItemId&quot;:92564179138,&quot;targetItemId&quot;:25573088165,&quot;pageName&quot;:&quot;recommendation&quot;,&quot;domain&quot;:&quot;sdp&quot;,&quot;eventName&quot;:&quot;sdp_jikgu_promotion&quot;}" data-adsplatform="{&quot;clickLogUri&quot;:&quot;https://mercury.coupang.com/e.gif?t=100&amp;r=6k0tG09xdlfYJgAe6tl-ytWHtEBNUhL90mBxRair0bDtAMt7jGkxqLsAbvB6leTql9D6PatprYH2V0RWau8cPP_sbiFugf7n7WZZS4BqxEPTpehbEK3bVihjgqRerD7s4ZDKnR52o6rOZVQmF5QURrGlEaoL_ItP7IvD8yG-UboXvLfW3oAZfU_Vj9M-VWgxix7L0DSaA9nf97755dAS7368YR6C4bwwUXJgs7zmogftRQ0Shsx07OPoIszcVHPFw54ufGEwOqFJUCFZsq3o9VIZwmorQDYJ5FuXL5bl1fVgvbr9LEo9CZHFEtoAFAjllI1YtXKT_9go&quot;, &quot;impressionLogUri&quot;:&quot;https://mercury.coupang.com/e.gif?t=101&amp;r=7WQA9TNT389A-wOV7avq2TMZ49if24Lac4Jfo46bhseJifEFPkg__w98RmYx34r_mL4pjtz51FZg4T6YkHl8FpArzHZBDflBeq2JXz4iBrTtPTzgh9ugTygt6kHS7WDQlvef5oz7WJXGE0olMoyDMsGJI-COUu_6-JmKYd6-cKPId005XaALQ5mcc-8dAXcoFA6yV-4Rhs3gGKy27fMPp43wF3_qXGKEda0w_XSV8g_0_-gzNsB4Zxdg4zUNjS1OZf1bFvv7tkEvjVrXPU_xi9QgdLyIdReE0mMgu0wKvI7ozVjkP4C5h0tJMH6TryWR9Zj0Wk3bZOZfjRNqilA%3D&quot;, &quot;viewImpression&quot;: &quot;https://mercury.coupang.com/e.gif?t=102&amp;r=jGXbZ_NLZnJKQaZLjJCio0Mc0XPvQvS56jolA2icPaO0rmHTQwVtSEE7mrDpp4bMPngQopXoCUmol1X-dlcRsC0Fz95h4Svs--fmmWlu0WVdJXgAERBzw6Ejj8aLo5zF9ys-3C9-Stjq6kXYu4cALlVDxEoGsuyNACf_SIZ8bvF0hsD3PbagG6E52WxLGBNlhmBzTXaravjeymPKzOaL3p5bfr3GZQ7j5zDv-t8G86av518_ofWauPIC98UVOCKtgIl-kchlxZpNjxf-CtkePUERDds7NWpTOmJ4sESYO0Yop3Wa50-XrJMA64EPeMbh-X6IrI7WMA4%3D&quot; }" target="_blank" href="/vp/products/8686449483?vendorItemId=92564179138&amp;sourceType=sdp_jikgu_promotion&amp;searchId=feed-79405b6ec40d48e4b505c883722e5cc6-3.3.169:jikgu_promotion" class="impression-logged view-logged"><div class="promotion-item-image"><img alt="듀포 빅 프루트 젤리 스트로베리 + 블루베리 + 라즈베리 + 구스베리 맛, 150g, 6개" loading="lazy" src="//thumbnail5.coupangcdn.com/thumbnails/remote/292x292q65ex/image/vendor_inventory/452c/da27f13e44bc39d87d136ba58bc8bf2dfa3f760430088812892bbc987e8c.jpg"></div><div class="promotion-badge">특가진행중</div><div class="promotion-item-info-wrap"><div class="item-title">듀포 빅 프루트 젤리 스트로베리 + 블루베리 + 라즈베리 + 구스베리 맛, 150g, 6개</div><div class="discount-contain"><span class="discount-text">와우할인가</span><span class="discount-rate">56%</span><span class="origin-price">48,000</span></div><div class="promotion-item-price-contain"><span class="sales-price">21,000원</span><img alt="https://image6.coupangcdn.com/image/delivery_badge/default/pc/global_b/global_b.png" class="jikgu-badge" loading="lazy" src="https://image6.coupangcdn.com/image/delivery_badge/default/pc/global_b/global_b.png"></div><div class="unit-price">(10g 233원)</div><div class="delivery-text">무료배송</div><div class="stock_percent_contain"><div class="progress_contain"><div class="progress_position" style="width: 99%;"></div></div><div class="progress_text">99 % 남음</div></div></div></a></li><li class="promotion-carousel-item"><a data-vendor-item-id="92181898679" data-vendor-id="C01050096" data-product-id="8675619494" data-item-id="25185080524" data-tracking-tag="" data-impression-log-uri="https://mercury.coupang.com/e.gif?t=101&amp;r=V-OIZcR-nYiz1wVjVwQL2y0uH-D7YnUnzmP1BCc1BHWkk6RNBFQ6buNWKBGDW1hornCuSeeED-5kyK6IIGyR6hZaM9hFj870ZG_UVeA4kvNncWD0V-P7dCQ3-0CJUpw7AeOij2CuT_siPQ1w9BbHrULpC5LtAEWHlDvmm1Je1TqUJmNUIMTrwwe5EHa1x537W7gipoup2fv3avw0DHhBSDZcPa0DQ_tcu6MCr6GNTBHV6He-sJsB7blV9ekkGftNUBIVKxA0IRVnXhXB3RL6NYj4neg2KxvH-WCnlxsO1PbwkHFxE0UxnPEhB8G3KuYJrDq7FbEkaa0fqISTFJo%3D" data-click-log-uri="https://mercury.coupang.com/e.gif?t=100&amp;r=oDJdISB8S1YpiPAooEr7dcmpS1OCuUIjvUSJ6HsQ94lGpsrwsGKp_5-LSKp7ypHvrf8BjHPOxr-YHXsJS77Sao77i1hyeH-KomLr8tsHl5aHP9wsDGpI42eXrwPegaqaY8EgFG4UTvYZoA5-5PgS8HvdiTetv3InPnXpUPx_uj8WnFZV0vfb-6XpiL7USGAonDAnhJqhDYSh4zx8OxshGWKrRKdPmvcT1_SOxDF00p3SOMdAFuBme33nfJgq5ZcSbf1YBKLI-ixwG9i0s7KGsW01cmxwwp3pActKeukqEfsAsHXvpic8kHtns6bvBMtGmXhwoQGiWg7R" data-click-logging="{&quot;targetProductId&quot;:8675619494,&quot;targetVendorItemId&quot;:92181898679,&quot;targetItemId&quot;:25185080524,&quot;pageName&quot;:&quot;recommendation&quot;,&quot;domain&quot;:&quot;sdp&quot;,&quot;eventName&quot;:&quot;sdp_jikgu_promotion&quot;}" data-adsplatform="{&quot;clickLogUri&quot;:&quot;https://mercury.coupang.com/e.gif?t=100&amp;r=oDJdISB8S1YpiPAooEr7dcmpS1OCuUIjvUSJ6HsQ94lGpsrwsGKp_5-LSKp7ypHvrf8BjHPOxr-YHXsJS77Sao77i1hyeH-KomLr8tsHl5aHP9wsDGpI42eXrwPegaqaY8EgFG4UTvYZoA5-5PgS8HvdiTetv3InPnXpUPx_uj8WnFZV0vfb-6XpiL7USGAonDAnhJqhDYSh4zx8OxshGWKrRKdPmvcT1_SOxDF00p3SOMdAFuBme33nfJgq5ZcSbf1YBKLI-ixwG9i0s7KGsW01cmxwwp3pActKeukqEfsAsHXvpic8kHtns6bvBMtGmXhwoQGiWg7R&quot;, &quot;impressionLogUri&quot;:&quot;https://mercury.coupang.com/e.gif?t=101&amp;r=V-OIZcR-nYiz1wVjVwQL2y0uH-D7YnUnzmP1BCc1BHWkk6RNBFQ6buNWKBGDW1hornCuSeeED-5kyK6IIGyR6hZaM9hFj870ZG_UVeA4kvNncWD0V-P7dCQ3-0CJUpw7AeOij2CuT_siPQ1w9BbHrULpC5LtAEWHlDvmm1Je1TqUJmNUIMTrwwe5EHa1x537W7gipoup2fv3avw0DHhBSDZcPa0DQ_tcu6MCr6GNTBHV6He-sJsB7blV9ekkGftNUBIVKxA0IRVnXhXB3RL6NYj4neg2KxvH-WCnlxsO1PbwkHFxE0UxnPEhB8G3KuYJrDq7FbEkaa0fqISTFJo%3D&quot;, &quot;viewImpression&quot;: &quot;https://mercury.coupang.com/e.gif?t=102&amp;r=n6eXM-huWwtOmU75n53YymvUAb9sY5Cgla5ZQAyHeNbvQuicQA9g-oVLTKWlUWNeVR6f-xcX5y_ulBCFjiGogolqMLH7fQE8PKx3AigyiDGdPxJwZuPFYPoRH0qlDxBqfqZvn7-OG3DDwF_boslUeJuJ0P7R2qNq-ILCiiPO5F4IpGbzMDCQxTMUFelKl-T7u9zqN3YfERF7SSWEWmKVq4jl7Vpmq2aEVIvSrVyaMffcbe-typu7qOA2O0Sw7cwFOWhjsITVnhNuxLp4s0Mp8viZAzKhhlIiqUQL8G_dW26dZKlGe0uWVBZP-PmNhe9FhTDL3ZCBecU%3D&quot; }" target="_blank" href="/vp/products/8675619494?vendorItemId=92181898679&amp;sourceType=sdp_jikgu_promotion&amp;searchId=feed-79405b6ec40d48e4b505c883722e5cc6-3.3.169:jikgu_promotion" class="impression-logged view-logged"><div class="promotion-item-image"><img alt="모리나가 인 젤리 주니어 에너지 포도 맛, 180g, 6개" loading="lazy" src="//thumbnail8.coupangcdn.com/thumbnails/remote/292x292q65ex/image/vendor_inventory/7af3/4e07ee11b6913c509f97bb50d8184aab56003d1bab545650935c24abbe27.jpg"></div><div class="promotion-badge">특가진행중</div><div class="promotion-item-info-wrap"><div class="item-title">모리나가 인 젤리 주니어 에너지 포도 맛, 180g, 6개</div><div class="discount-contain"><span class="discount-text">와우할인가</span><span class="discount-rate">35%</span><span class="origin-price">15,280</span></div><div class="promotion-item-price-contain"><span class="sales-price">9,930원</span><img alt="https://image6.coupangcdn.com/image/delivery_badge/default/pc/global_b/global_b.png" class="jikgu-badge" loading="lazy" src="https://image6.coupangcdn.com/image/delivery_badge/default/pc/global_b/global_b.png"></div><div class="unit-price">(10g 92원)</div><div class="promotion-item-review"><span class="split-bg item-review-score-bg"><span class="item-review-score split-bg" style="width: 100%;">100%</span></span><span class="promotion-item-review-count">(3)</span></div><div class="stock_percent_contain"><div class="progress_contain"><div class="progress_position" style="width: 1%;"></div></div><div class="progress_text">1 % 남음</div></div></div></a></li><li class="promotion-carousel-item"><a data-vendor-item-id="90965687604" data-vendor-id="C00561973" data-product-id="6276701751" data-item-id="23943877475" data-tracking-tag="" data-impression-log-uri="https://mercury.coupang.com/e.gif?t=101&amp;r=Z6sc1QBuT3UDOhdMZ5b-d5sLcCVZGVwZsLxleGARCjszeMZwCI7hjcpXNQlPgcroynuyub_DUaqnlou9X5WDdjyTHAEjxdvbrYduE_5UiGSyIJrnqcmYU3fg2f3XEM35YfKvp0Z5Y-Xy5knB8KPC6U-iag-LhD14_DDQPoubQRPXSCjbi526TLWf3a8rA1VzIGiUUedp5xcWbhOQSagm7pAMh_AzWh0cx-9FpD3AFIYTsij6CywXWF_4XTyW35-pcxY4ob1NNhrJj0LZIxJmaw7JSDDEAJ5SRYjD0OFqjWbFoEUIVcZTOwkDDEMBiT7aN4GnmqbyPbDpyQvmrNI%3D" data-click-log-uri="https://mercury.coupang.com/e.gif?t=100&amp;r=r9ISOYJjimm3TNYJr3HHTDA3ajMW1qN0798gqbgJrow3YxTf7Tfqp5lDbEEDRvBLDCoE1ZgBalffrR_vvD2jZz66CpxutlKS1DcNJG3AUca2Ie-d0wX5IFSiYsxeBI2QSVPYK43pLv4n3mOqISiBTzH1yhVeUcGmrMxA03VmJuXRBP3-5FRwJ3AftfG3kQgPigYWjwrDgrAvkpG9LLeLxH-DaaMi3QoNAYeVd-DWLocOm4v4zuajdIJTRmXbl_v9OqkoFtk1lGyZxnxE66FeE8KLKaR_0Vs5scKZAhgpSTf_73Q-xmtg7-tiqFHQydvMmFq3YbATeK22" data-click-logging="{&quot;targetProductId&quot;:6276701751,&quot;targetVendorItemId&quot;:90965687604,&quot;targetItemId&quot;:23943877475,&quot;pageName&quot;:&quot;recommendation&quot;,&quot;domain&quot;:&quot;sdp&quot;,&quot;eventName&quot;:&quot;sdp_jikgu_promotion&quot;}" data-adsplatform="{&quot;clickLogUri&quot;:&quot;https://mercury.coupang.com/e.gif?t=100&amp;r=r9ISOYJjimm3TNYJr3HHTDA3ajMW1qN0798gqbgJrow3YxTf7Tfqp5lDbEEDRvBLDCoE1ZgBalffrR_vvD2jZz66CpxutlKS1DcNJG3AUca2Ie-d0wX5IFSiYsxeBI2QSVPYK43pLv4n3mOqISiBTzH1yhVeUcGmrMxA03VmJuXRBP3-5FRwJ3AftfG3kQgPigYWjwrDgrAvkpG9LLeLxH-DaaMi3QoNAYeVd-DWLocOm4v4zuajdIJTRmXbl_v9OqkoFtk1lGyZxnxE66FeE8KLKaR_0Vs5scKZAhgpSTf_73Q-xmtg7-tiqFHQydvMmFq3YbATeK22&quot;, &quot;impressionLogUri&quot;:&quot;https://mercury.coupang.com/e.gif?t=101&amp;r=Z6sc1QBuT3UDOhdMZ5b-d5sLcCVZGVwZsLxleGARCjszeMZwCI7hjcpXNQlPgcroynuyub_DUaqnlou9X5WDdjyTHAEjxdvbrYduE_5UiGSyIJrnqcmYU3fg2f3XEM35YfKvp0Z5Y-Xy5knB8KPC6U-iag-LhD14_DDQPoubQRPXSCjbi526TLWf3a8rA1VzIGiUUedp5xcWbhOQSagm7pAMh_AzWh0cx-9FpD3AFIYTsij6CywXWF_4XTyW35-pcxY4ob1NNhrJj0LZIxJmaw7JSDDEAJ5SRYjD0OFqjWbFoEUIVcZTOwkDDEMBiT7aN4GnmqbyPbDpyQvmrNI%3D&quot;, &quot;viewImpression&quot;: &quot;https://mercury.coupang.com/e.gif?t=102&amp;r=hOXFjneGNssiCzNfhEyEQHZp_C2v_f-oHcjn6JBd7eLDZ_7SpGV24lVGCaQYthfDw2_vo92UGVlAyqpgwmCl5mRdGeIfa2jaiTp7oQ8k0Yu9V9v_ZBzydtwTXO_NOFlNSamsNJ1GJbFVkaETJZioHzuJxw5lDrJlqBxHzjcP5VD-24uVeUsqgRYe3ztdRW74Ig8lLnv6dXyuNFuyVjSkxT9jgwvUuJ0m9V1eG90zWFdQKQ95wnZ7BHFuFQQqYwdPbm-OcrunSzErMceaWklWg0Tz4qbBWf7t4TlSRZPHkNHq9oTe3Wp_YZ8PegduOzQW9Hw06zukHdU%3D&quot; }" target="_blank" href="/vp/products/6276701751?vendorItemId=90965687604&amp;sourceType=sdp_jikgu_promotion&amp;searchId=feed-79405b6ec40d48e4b505c883722e5cc6-3.3.169:jikgu_promotion" class="impression-logged view-logged"><div class="promotion-item-image"><img alt="리토스 플랫 화이트 커피 츄, 15g, 24개" loading="lazy" src="//thumbnail6.coupangcdn.com/thumbnails/remote/292x292q65ex/image/vendor_inventory/adff/945411eff4bcf50ee00e2ab5317bc7369bc62c38798354cd07fcff7823d8.jpg"></div><div class="promotion-badge">특가진행중</div><div class="promotion-item-info-wrap"><div class="item-title">리토스 플랫 화이트 커피 츄, 15g, 24개</div><div class="discount-contain"><span class="discount-text">와우할인가</span><span class="discount-rate">18%</span><span class="origin-price">33,550</span></div><div class="promotion-item-price-contain"><span class="sales-price">27,270원</span><img alt="https://image6.coupangcdn.com/image/delivery_badge/default/pc/global_b/global_b.png" class="jikgu-badge" loading="lazy" src="https://image6.coupangcdn.com/image/delivery_badge/default/pc/global_b/global_b.png"></div><div class="unit-price">(10g 758원)</div><div class="delivery-text">무료배송</div><div class="promotion-item-review"><span class="split-bg item-review-score-bg"><span class="item-review-score split-bg" style="width: 90%;">90%</span></span><span class="promotion-item-review-count">(27)</span></div><div class="stock_percent_contain"><div class="progress_contain"><div class="progress_position" style="width: 90%;"></div></div><div class="progress_text">90 % 남음</div></div></div></a></li><li class="promotion-carousel-item"><a data-vendor-item-id="91341616492" data-vendor-id="C01050096" data-product-id="8205287706" data-item-id="24543102243" data-tracking-tag="" data-impression-log-uri="https://mercury.coupang.com/e.gif?t=101&amp;r=JELnzIBhw6kvStpEJHcjg6TtxQvSRJZ1MQhgyBS1btJJzGAE5Y1C6VAB1FXDbe6sgoulLQck59qomBO6e6uFXdfJ0-yuBRlh1YU3DOyNyejLpLyMi0fjG7Q2FIa6fJ572zAoflmvAZRQfPzOpjNJmCDDwrTS6sSa59VCAcLZvdswPFfZFw_ycllqTfJJKRSiJt-abLWQqXZ3i209KIHGef73Iss7iMZdMil2v1_BUbqN5MuB5UBEVk4wrUd8p9zqfHJFD2PHpk0QsBLCOKg9e3saHzMWh4JcNZIPUgEBNv2Qom7zuXPrj1IXounY5ZzrA-YSISZtCFBUHi9bBzo%3D" data-click-log-uri="https://mercury.coupang.com/e.gif?t=100&amp;r=SOzP4WJJPUqi6AX0SHeUP6WvxaKeCGpgBmaV807gBnA4dWYOjmU3ojV068q2h3HcnpJBb1yp17JRYqqyYihdWnqCFcSIN-iKyrd2r7Zk2Rtlq7kw0oXR-thhKve74Tuo2Z3cE-DQrV29OIKCT_dc0EnCtIrkRbmb7H1uYqFpZSSwIqnMH7bKQZXcM7uehhN7-A-gViY2iwPBjBsqgptrxXNDFSy9wAQfVBINBt5MLb_an8fwr0tViQIYbWZTdNvyIzgq893K_30bx-CMYpd28qUddkK6H6aWJmv1UGYWlEOqXSGXfc5ROTjGY67GGgmtyStrY-OozGGy" data-click-logging="{&quot;targetProductId&quot;:8205287706,&quot;targetVendorItemId&quot;:91341616492,&quot;targetItemId&quot;:24543102243,&quot;pageName&quot;:&quot;recommendation&quot;,&quot;domain&quot;:&quot;sdp&quot;,&quot;eventName&quot;:&quot;sdp_jikgu_promotion&quot;}" data-adsplatform="{&quot;clickLogUri&quot;:&quot;https://mercury.coupang.com/e.gif?t=100&amp;r=SOzP4WJJPUqi6AX0SHeUP6WvxaKeCGpgBmaV807gBnA4dWYOjmU3ojV068q2h3HcnpJBb1yp17JRYqqyYihdWnqCFcSIN-iKyrd2r7Zk2Rtlq7kw0oXR-thhKve74Tuo2Z3cE-DQrV29OIKCT_dc0EnCtIrkRbmb7H1uYqFpZSSwIqnMH7bKQZXcM7uehhN7-A-gViY2iwPBjBsqgptrxXNDFSy9wAQfVBINBt5MLb_an8fwr0tViQIYbWZTdNvyIzgq893K_30bx-CMYpd28qUddkK6H6aWJmv1UGYWlEOqXSGXfc5ROTjGY67GGgmtyStrY-OozGGy&quot;, &quot;impressionLogUri&quot;:&quot;https://mercury.coupang.com/e.gif?t=101&amp;r=JELnzIBhw6kvStpEJHcjg6TtxQvSRJZ1MQhgyBS1btJJzGAE5Y1C6VAB1FXDbe6sgoulLQck59qomBO6e6uFXdfJ0-yuBRlh1YU3DOyNyejLpLyMi0fjG7Q2FIa6fJ572zAoflmvAZRQfPzOpjNJmCDDwrTS6sSa59VCAcLZvdswPFfZFw_ycllqTfJJKRSiJt-abLWQqXZ3i209KIHGef73Iss7iMZdMil2v1_BUbqN5MuB5UBEVk4wrUd8p9zqfHJFD2PHpk0QsBLCOKg9e3saHzMWh4JcNZIPUgEBNv2Qom7zuXPrj1IXounY5ZzrA-YSISZtCFBUHi9bBzo%3D&quot;, &quot;viewImpression&quot;: &quot;https://mercury.coupang.com/e.gif?t=102&amp;r=UIdY7znzzfVNyYqBUOsKfyJkTag0JIhh3FaL0E1qvu6cEeixKT571SG-7PXzMfKQsMqIABET04iHx6Lh04dz0zBqEZuw5YP0MdsqcIrfOvroG8fOBK4pVY1CTdnAuLNhjiHgqihYmhZ7oSUDTsdNya3453X-GAvi4ZYc65Dwi6YEeTXNCTR-_rhiFlKvPEQbpjdLfLmpqgnVh0je8KEpKxjkMXD-7QxBxErUEbr5YrYQEQJwsj24B7EkX_LExNXmSJ2Y9vduS2J8tBov7HR_2pCM-RIoVj9zQYJRN51toGG1sTODcK5IzVdit-owPI9upKOnNZrRQxM%3D&quot; }" target="_blank" href="/vp/products/8205287706?vendorItemId=91341616492&amp;sourceType=sdp_jikgu_promotion&amp;searchId=feed-79405b6ec40d48e4b505c883722e5cc6-3.3.169:jikgu_promotion" class="impression-logged view-logged"><div class="promotion-item-image"><img alt="마루짱 녹색 타누키 튀김 소바 관동풍 101g 12개" loading="lazy" src="//thumbnail9.coupangcdn.com/thumbnails/remote/292x292q65ex/image/vendor_inventory/7717/11c032e4bf9e769ccfef42207127d8e06de701ee1c4ed19f8b40b1c1d354.jpg"></div><div class="promotion-badge">특가진행중</div><div class="promotion-item-info-wrap"><div class="item-title">마루짱 녹색 타누키 튀김 소바 관동풍 101g 12개</div><div class="discount-contain"><span class="discount-text">와우할인가</span><span class="discount-rate">25%</span><span class="origin-price">30,770</span></div><div class="promotion-item-price-contain"><span class="sales-price">23,070원</span><img alt="https://image6.coupangcdn.com/image/delivery_badge/default/pc/global_b/global_b.png" class="jikgu-badge" loading="lazy" src="https://image6.coupangcdn.com/image/delivery_badge/default/pc/global_b/global_b.png"></div><div class="unit-price">(1개 1,923원)</div><div class="delivery-text">무료배송</div><div class="promotion-item-review"><span class="split-bg item-review-score-bg"><span class="item-review-score split-bg" style="width: 100%;">100%</span></span><span class="promotion-item-review-count">(10)</span></div><div class="stock_percent_contain"><div class="progress_contain"><div class="progress_position" style="width: 1%;"></div></div><div class="progress_text">1 % 남음</div></div></div></a></li><li class="promotion-carousel-item"><a data-vendor-item-id="90965687539" data-vendor-id="C00561973" data-product-id="8244654496" data-item-id="23943877442" data-tracking-tag="" data-impression-log-uri="https://mercury.coupang.com/e.gif?t=101&amp;r=Dr9kmrokQRn4lKF3Dv4IROi8qApthQREnV_4V4k2qFKnoQCW3XW4zQMtkyvMZBOKf25pAtfM_hrcRk6BVBAIvuLzqdS28ltlX5m1GUNNXYB60Da_gUGfh3WVIZmEWtqcD23L8H-1aWlUEDNFU70YCtKreStVmXdT8lFz2zkvCPdXALojGKJ_OvMAvwtNDnFpHnyPOZo8zjB02H0WHeqK0clupRmRi45rbXH1hD9rtnVvFduhg1iI4McxbRl9v-eAemsGJry-Xh-amga7aL6-Y4ypqhjFiF3LcarpHJ22CtX6w6mHLVcisSs8sqLbJ7iiHpPyrxW2FqaoQQkRoNc%3D" data-click-log-uri="https://mercury.coupang.com/e.gif?t=100&amp;r=44vCqY6NYBQHOXK04xMgeG1XFvB0IkFOBssHYq2HB3RDLqfEXXwBu5_O3OJxLn3ZOR-oRnIR8rpcL-bcFhBoeJhx3TOKOuNTJilz3eoiyBDN2Dlu3MyDS_bjqNelW1iV6IjUPcjFHcCyvF74PU-68pslkbzMooYPxnFdY2fthKP9bDKFj_fJZH43NlHMW1I8qvCWrmhpm4TEYlzYuhGbsVmESfGHS4jF_FRLnDKzmVYfQJHGJsVZZfSz-R91quZxXuiFM7VFHdbm9YQ9nIJzcMpYZXRyokYBaHbpvasTn2R4MquaVfE_z2-_jTxHQlDumzg6Mp0Izkyx" data-click-logging="{&quot;targetProductId&quot;:8244654496,&quot;targetVendorItemId&quot;:90965687539,&quot;targetItemId&quot;:23943877442,&quot;pageName&quot;:&quot;recommendation&quot;,&quot;domain&quot;:&quot;sdp&quot;,&quot;eventName&quot;:&quot;sdp_jikgu_promotion&quot;}" data-adsplatform="{&quot;clickLogUri&quot;:&quot;https://mercury.coupang.com/e.gif?t=100&amp;r=44vCqY6NYBQHOXK04xMgeG1XFvB0IkFOBssHYq2HB3RDLqfEXXwBu5_O3OJxLn3ZOR-oRnIR8rpcL-bcFhBoeJhx3TOKOuNTJilz3eoiyBDN2Dlu3MyDS_bjqNelW1iV6IjUPcjFHcCyvF74PU-68pslkbzMooYPxnFdY2fthKP9bDKFj_fJZH43NlHMW1I8qvCWrmhpm4TEYlzYuhGbsVmESfGHS4jF_FRLnDKzmVYfQJHGJsVZZfSz-R91quZxXuiFM7VFHdbm9YQ9nIJzcMpYZXRyokYBaHbpvasTn2R4MquaVfE_z2-_jTxHQlDumzg6Mp0Izkyx&quot;, &quot;impressionLogUri&quot;:&quot;https://mercury.coupang.com/e.gif?t=101&amp;r=Dr9kmrokQRn4lKF3Dv4IROi8qApthQREnV_4V4k2qFKnoQCW3XW4zQMtkyvMZBOKf25pAtfM_hrcRk6BVBAIvuLzqdS28ltlX5m1GUNNXYB60Da_gUGfh3WVIZmEWtqcD23L8H-1aWlUEDNFU70YCtKreStVmXdT8lFz2zkvCPdXALojGKJ_OvMAvwtNDnFpHnyPOZo8zjB02H0WHeqK0clupRmRi45rbXH1hD9rtnVvFduhg1iI4McxbRl9v-eAemsGJry-Xh-amga7aL6-Y4ypqhjFiF3LcarpHJ22CtX6w6mHLVcisSs8sqLbJ7iiHpPyrxW2FqaoQQkRoNc%3D&quot;, &quot;viewImpression&quot;: &quot;https://mercury.coupang.com/e.gif?t=102&amp;r=XZwlg_X7wpgeOVOmXV833YZDEMczrw67-zMZSgyg5GgJUAbXZM_2tO-ZMVbKb-RtR5MtEOfpxAAj1EnY426hWtRF74B-hsjFTVzkRDahm4lDVpa11uQALeHNOZhk9NKrCef-C4o2GEaa9KB9ySHHTuKlixf8v8t1l4Vx0fyVo7b4Ene0eh4Vyw2_c3WI-o7jWvKMuL_-ErSfZaFeEfwmdr1W60kBHB8RxyA19Be_-xb8MNV4R_Xd1DHXeriSa-PgIHsFoi_b0ewsy2Kn7sDTP8_AGi-is8pYZDdiGadB-aP_UblKgdRluGWCbJKonwualomYpvGcKlo%3D&quot; }" target="_blank" href="/vp/products/8244654496?vendorItemId=90965687539&amp;sourceType=sdp_jikgu_promotion&amp;searchId=feed-79405b6ec40d48e4b505c883722e5cc6-3.3.169:jikgu_promotion" class="impression-logged view-logged"><div class="promotion-item-image"><img alt="리토스 아이스 민트 커피 츄, 15g, 24개" loading="lazy" src="//thumbnail3.coupangcdn.com/thumbnails/remote/292x292q65ex/image/vendor_inventory/4188/183858d2ab4dc2bd9742f24bd93711519086dbaa2560e6751e9310f23063.jpg"></div><div class="promotion-badge">특가진행중</div><div class="promotion-item-info-wrap"><div class="item-title">리토스 아이스 민트 커피 츄, 15g, 24개</div><div class="discount-contain"><span class="discount-text">와우할인가</span><span class="discount-rate">18%</span><span class="origin-price">33,440</span></div><div class="promotion-item-price-contain"><span class="sales-price">27,170원</span><img alt="https://image6.coupangcdn.com/image/delivery_badge/default/pc/global_b/global_b.png" class="jikgu-badge" loading="lazy" src="https://image6.coupangcdn.com/image/delivery_badge/default/pc/global_b/global_b.png"></div><div class="unit-price">(10g 755원)</div><div class="delivery-text">무료배송</div><div class="promotion-item-review"><span class="split-bg item-review-score-bg"><span class="item-review-score split-bg" style="width: 80%;">80%</span></span><span class="promotion-item-review-count">(36)</span></div><div class="stock_percent_contain"><div class="progress_contain"><div class="progress_position" style="width: 92%;"></div></div><div class="progress_text">92 % 남음</div></div></div></a></li><li class="promotion-carousel-item"><a data-vendor-item-id="92213681556" data-vendor-id="C00561973" data-product-id="8686449392" data-item-id="25217257445" data-tracking-tag="" data-impression-log-uri="https://mercury.coupang.com/e.gif?t=101&amp;r=-JFzEMzfKvl7WSi9-EAcZw0mW1IwfMP0-k-5LlPoO0RqSP53ERoPkS0YdgwTwNs3B6dEIpMETH_24u1GHZmOt2SNTONUwA5I8jla_yHS68Ops-jFC-RSCjt6nmIEtBK-QL02RBiLq1ll_KTNiYUwjHjhssNe8BOHZ7jegUbc5a7TU0bzDjgrg_9kZi3ecarLzp2OnRAjmBlRag7eOpsFxuT3p-by1HSjpIuBYjkYfVpF5L1QbU4jM2eJXjx-n_UKSwoDAhDCUUDPa06SxysrlSM65twTHNVqH27M5Zr3hzisOCvPuHcS2ofZKo2co0Er2Hmt0UjN5KM26C6vAn4%3D" data-click-log-uri="https://mercury.coupang.com/e.gif?t=100&amp;r=mUe6nTzxCjpwW3HRmSvObEFVFhvnZp1ndNo3qEaI2LWUZNpfUjcvhC78QRt_9aiLcAL1XgK2E9ohuNVaHaJyuSILGhqEjCBJbjteUuByQo5uCa_3l66YJscyCE70d3Vn9URr1rCwWN26TKr8xqItf_UeKVJ3NRc4shRK2PM6xPCdtsH8oeNiLUVqsI7PEuCHufqwXr9KLFhnUP-w_2GJhworv-vQB-EO5MGJN8Wma4AJ-_nyddVf1i80-FSyikPT7MaBL2cw5xkqxdDcKgwoh50Uc0YYUl4QVXjPxDu3JCqn6ZoX9UtZS7pbUe3IF96Rks_eQKRb3Dhb" data-click-logging="{&quot;targetProductId&quot;:8686449392,&quot;targetVendorItemId&quot;:92213681556,&quot;targetItemId&quot;:25217257445,&quot;pageName&quot;:&quot;recommendation&quot;,&quot;domain&quot;:&quot;sdp&quot;,&quot;eventName&quot;:&quot;sdp_jikgu_promotion&quot;}" data-adsplatform="{&quot;clickLogUri&quot;:&quot;https://mercury.coupang.com/e.gif?t=100&amp;r=mUe6nTzxCjpwW3HRmSvObEFVFhvnZp1ndNo3qEaI2LWUZNpfUjcvhC78QRt_9aiLcAL1XgK2E9ohuNVaHaJyuSILGhqEjCBJbjteUuByQo5uCa_3l66YJscyCE70d3Vn9URr1rCwWN26TKr8xqItf_UeKVJ3NRc4shRK2PM6xPCdtsH8oeNiLUVqsI7PEuCHufqwXr9KLFhnUP-w_2GJhworv-vQB-EO5MGJN8Wma4AJ-_nyddVf1i80-FSyikPT7MaBL2cw5xkqxdDcKgwoh50Uc0YYUl4QVXjPxDu3JCqn6ZoX9UtZS7pbUe3IF96Rks_eQKRb3Dhb&quot;, &quot;impressionLogUri&quot;:&quot;https://mercury.coupang.com/e.gif?t=101&amp;r=-JFzEMzfKvl7WSi9-EAcZw0mW1IwfMP0-k-5LlPoO0RqSP53ERoPkS0YdgwTwNs3B6dEIpMETH_24u1GHZmOt2SNTONUwA5I8jla_yHS68Ops-jFC-RSCjt6nmIEtBK-QL02RBiLq1ll_KTNiYUwjHjhssNe8BOHZ7jegUbc5a7TU0bzDjgrg_9kZi3ecarLzp2OnRAjmBlRag7eOpsFxuT3p-by1HSjpIuBYjkYfVpF5L1QbU4jM2eJXjx-n_UKSwoDAhDCUUDPa06SxysrlSM65twTHNVqH27M5Zr3hzisOCvPuHcS2ofZKo2co0Er2Hmt0UjN5KM26C6vAn4%3D&quot;, &quot;viewImpression&quot;: &quot;https://mercury.coupang.com/e.gif?t=102&amp;r=UyiVY_rVJ26zSh-ZU-qD_FI5sOqSNiJMhFQ77JRbTcU6Yt0yJzLfX5z2PcKwXOV25VdfenGHnjojCKt07P6cV1NhtN_714-9nvIgWWFwpeCvmH1a4zevlvyUe4vIg0fPY6hjIuehi34gPIZc1RTtqGntIXL6Vyh5-3LzHWzneMMoShi6bdRW3N4rkgrslbmhBrT7H-_BpFB2fNVZZGsP6RGDNhEu1nO06h33JjivUxlOZd1xoBtE28Mv2ulEjKbhXuMYn1vVFAVqHXCHOS5xqHBtbEIMs47DZCwNEqjtZMwlodiZhu4A1EglyvunUE6_bW5fCRO3gdY%3D&quot; }" target="_blank" href="/vp/products/8686449392?vendorItemId=92213681556&amp;sourceType=sdp_jikgu_promotion&amp;searchId=feed-79405b6ec40d48e4b505c883722e5cc6-3.3.169:jikgu_promotion" class="impression-logged view-logged"><div class="promotion-item-image"><img alt="듀포 빅 프루트 젤리 레몬 + 블랙베리 + 스트로베리 + 피치 맛, 150g, 1개" loading="lazy" src="//thumbnail10.coupangcdn.com/thumbnails/remote/292x292q65ex/image/vendor_inventory/66aa/452e1a465dfbd957a3bbcdf04207ca78c6de5229ed51d1004c4e8e08e5f6.jpg"></div><div class="promotion-badge">특가진행중</div><div class="promotion-item-info-wrap"><div class="item-title">듀포 빅 프루트 젤리 레몬 + 블랙베리 + 스트로베리 + 피치 맛, 150g, 1개</div><div class="discount-contain"><span class="discount-text">와우할인가</span><span class="discount-rate">20%</span><span class="origin-price">8,770</span></div><div class="promotion-item-price-contain"><span class="sales-price">7,000원</span><img alt="https://image6.coupangcdn.com/image/delivery_badge/default/pc/global_b/global_b.png" class="jikgu-badge" loading="lazy" src="https://image6.coupangcdn.com/image/delivery_badge/default/pc/global_b/global_b.png"></div><div class="unit-price">(10g 467원)</div><div class="delivery-text">무료배송</div><div class="promotion-item-review"><span class="split-bg item-review-score-bg"><span class="item-review-score split-bg" style="width: 90%;">90%</span></span><span class="promotion-item-review-count">(2)</span></div><div class="stock_percent_contain"><div class="progress_contain"><div class="progress_position" style="width: 99%;"></div></div><div class="progress_text">99 % 남음</div></div></div></a></li><li class="promotion-carousel-item"><a data-vendor-item-id="91146346633" data-vendor-id="C00332039" data-product-id="6511737237" data-item-id="14386217833" data-tracking-tag="" data-impression-log-uri="https://mercury.coupang.com/e.gif?t=101&amp;r=yXJFe8sPd2aMv9ygyY9kbGTZa07QVmeyUtZXWxHjiM7O_T40_fvHguL78UhM4RK91RgryTnMjZXgoGDNmznsMNRjwv6s1XWbJH7tOqG_oy8Zd5uiv7rnHXzQNOfM-VmO25PbImcG8K8ZC7J6q7_PhmImrSC5jmoCJmW0Mtbv8NZTgvQoHsW5HHxgjSP4_V7iMyBCCTyKerL4hJ4TIrt6W2eVft5OQfGU84Anl3X1Nwk4DiHRXUW6oRByTEg4pWztjzwdMOIOUZ6PsQKOd6e6rDP7l6It3aUO8xsstadxEea_oERNs0tMdZ23mnJ3SuvWAtVOgpLGRlWyWBBJYXc%3D" data-click-log-uri="https://mercury.coupang.com/e.gif?t=100&amp;r=AaoEI8L1bGm6Q_CKAbpZp5OfoguBMdPnhv3qU-QaD8qjtM_wX7VcBiVOF_5pzqZKuSk2ATUnWsweeD3BqAXQvMSQQMLMJbqs_q797Z1qrHvYyFvWxYvyOnqEpi7317Xj40HPdDRPouH3wxfjXzJy9D0v9YuRal8NMZajxFmJqmAAj-YDMR2sWAmQlLpBcedpliW53ovGEB6nhAsVtz8AWCa2Hg6hjW5SvYMVCeUP8NEfdSNTlXeobJ3dAyAxcs79Bifya9flka1SaQP5-ESQtAwEk-I5IQx1ee8Zmyke2_mZIZXZd_G8OdkufIu1qRrzXWWtgRieOaLj" data-click-logging="{&quot;targetProductId&quot;:6511737237,&quot;targetVendorItemId&quot;:91146346633,&quot;targetItemId&quot;:14386217833,&quot;pageName&quot;:&quot;recommendation&quot;,&quot;domain&quot;:&quot;sdp&quot;,&quot;eventName&quot;:&quot;sdp_jikgu_promotion&quot;}" data-adsplatform="{&quot;clickLogUri&quot;:&quot;https://mercury.coupang.com/e.gif?t=100&amp;r=AaoEI8L1bGm6Q_CKAbpZp5OfoguBMdPnhv3qU-QaD8qjtM_wX7VcBiVOF_5pzqZKuSk2ATUnWsweeD3BqAXQvMSQQMLMJbqs_q797Z1qrHvYyFvWxYvyOnqEpi7317Xj40HPdDRPouH3wxfjXzJy9D0v9YuRal8NMZajxFmJqmAAj-YDMR2sWAmQlLpBcedpliW53ovGEB6nhAsVtz8AWCa2Hg6hjW5SvYMVCeUP8NEfdSNTlXeobJ3dAyAxcs79Bifya9flka1SaQP5-ESQtAwEk-I5IQx1ee8Zmyke2_mZIZXZd_G8OdkufIu1qRrzXWWtgRieOaLj&quot;, &quot;impressionLogUri&quot;:&quot;https://mercury.coupang.com/e.gif?t=101&amp;r=yXJFe8sPd2aMv9ygyY9kbGTZa07QVmeyUtZXWxHjiM7O_T40_fvHguL78UhM4RK91RgryTnMjZXgoGDNmznsMNRjwv6s1XWbJH7tOqG_oy8Zd5uiv7rnHXzQNOfM-VmO25PbImcG8K8ZC7J6q7_PhmImrSC5jmoCJmW0Mtbv8NZTgvQoHsW5HHxgjSP4_V7iMyBCCTyKerL4hJ4TIrt6W2eVft5OQfGU84Anl3X1Nwk4DiHRXUW6oRByTEg4pWztjzwdMOIOUZ6PsQKOd6e6rDP7l6It3aUO8xsstadxEea_oERNs0tMdZ23mnJ3SuvWAtVOgpLGRlWyWBBJYXc%3D&quot;, &quot;viewImpression&quot;: &quot;https://mercury.coupang.com/e.gif?t=102&amp;r=1bUDAYr0PtqDuWg01frSRKoxAxddkFPVr-wiAtHpNSNKfl2iIrr3Myn-VDkrNSMlBoqnI8DMFZEGwhaFsMkFxXdSgNLfNZQTdDZ-ZTjCbSgy9S8bm4Rxf38tpKzbvckXASWOZhPNVzlU-aNgRl7LqgN0_tvZmseehnfNL_dFN-R_dxsbV5G2diDMLntVULVE-_yyoO2TtgI8kjkD3sbMuGhzlRFaFXSC8u0RKXMQBSNYM3tB--RWThOn1px_ZAoH_5HbG58QO4APTc2kn5j-kv-yzOzOywI98-F5mYhqueTmUitN1skRoEybTv1514u1clZvkHg40lY%3D&quot; }" target="_blank" href="/vp/products/6511737237?vendorItemId=91146346633&amp;sourceType=sdp_jikgu_promotion&amp;searchId=feed-79405b6ec40d48e4b505c883722e5cc6-3.3.169:jikgu_promotion" class="impression-logged view-logged"><div class="promotion-item-image"><img alt="콤비타 수딩 마누카 허니 로젠지 제스티 레몬맛 40개입, 1개, 180g" loading="lazy" src="//thumbnail6.coupangcdn.com/thumbnails/remote/292x292q65ex/image/vendor_inventory/b97a/b469f21971e5b24135675409cf33b8493a1779dddf39d393bb2c7ea8e3e0.jpg"></div><div class="promotion-badge">특가진행중</div><div class="promotion-item-info-wrap"><div class="item-title">콤비타 수딩 마누카 허니 로젠지 제스티 레몬맛 40개입, 1개, 180g</div><div class="discount-contain"><span class="discount-text">와우할인가</span><span class="discount-rate">43%</span><span class="origin-price">25,520</span></div><div class="promotion-item-price-contain"><span class="sales-price">14,360원</span><img alt="https://image6.coupangcdn.com/image/delivery_badge/default/pc/global_b/global_b.png" class="jikgu-badge" loading="lazy" src="https://image6.coupangcdn.com/image/delivery_badge/default/pc/global_b/global_b.png"></div><div class="unit-price">(10g 798원)</div><div class="delivery-text">무료배송</div><div class="promotion-item-review"><span class="split-bg item-review-score-bg"><span class="item-review-score split-bg" style="width: 100%;">100%</span></span><span class="promotion-item-review-count">(405)</span></div><div class="stock_percent_contain"><div class="progress_contain"><div class="progress_position" style="width: 46%;"></div></div><div class="progress_text">46 % 남음</div></div></div></a></li><li class="promotion-carousel-item"><a data-vendor-item-id="92370791243" data-vendor-id="C01050096" data-product-id="8289728805" data-item-id="25376728006" data-tracking-tag="" data-impression-log-uri="https://mercury.coupang.com/e.gif?t=101&amp;r=ysPTXvBspKIN6VbTyrbi4BmBzqMnCtSOv2yQAlMP1sEePQ2uvpqmAjO5QTZUd8UaAvV5_2UzqkWbSLG5DgKbeoFISsP7ezt9_UZpz1_16RkT-s0vSdWFnds40i7KyF3lcYY7uixFpW7zIEf1YX4p7UfzSi3LZWRoQjLBw9vwN3PtoTMfDlf5yBWlS8s-tXy8gQ4yIOjjLNL6272_QbbHMJdbdJBEeLqgaA0Z9l8wi4yL4X9ulg3NgdVlGmHienF1XXRYwgfl-kyaTfD8P4GwgEtg9cQPJCKdkR5gOKAMmv9czVzqdWSS897EGaVgxBpmwk-I1lT0tIo5Yktt4PY%3D" data-click-log-uri="https://mercury.coupang.com/e.gif?t=100&amp;r=hmf7bL_Q5Z_a6vbShsPd2sKUV4GWbTNQFQkfjBGWsVJmgk7vjhgMcoFeKVd7C8knAmeVxl3OCUsUpVV1kZeUdWvYMbGgyYYDyQn_FmaTLbzhfuyMrZy0sqicvkoHO_3Zcucoz_aARFVdfNm3QBQ7n7oj_hx2MJQfNRJEjc-JSmJB6lBSpiJLDq_v7zwkYK_TQOtHVz_ZPHCwBjA2JvbsbHIWgmGqjyT5ZaIt5J71B89tYCaIKiVK39d61GmGSAVlrFAqEGXWDBXXVvX0OG86-15R0qvp_heMlvKzvo5QofSvPanEdbiEg-dcvGOHZe0EqwH5vvCADUbk" data-click-logging="{&quot;targetProductId&quot;:8289728805,&quot;targetVendorItemId&quot;:92370791243,&quot;targetItemId&quot;:25376728006,&quot;pageName&quot;:&quot;recommendation&quot;,&quot;domain&quot;:&quot;sdp&quot;,&quot;eventName&quot;:&quot;sdp_jikgu_promotion&quot;}" data-adsplatform="{&quot;clickLogUri&quot;:&quot;https://mercury.coupang.com/e.gif?t=100&amp;r=hmf7bL_Q5Z_a6vbShsPd2sKUV4GWbTNQFQkfjBGWsVJmgk7vjhgMcoFeKVd7C8knAmeVxl3OCUsUpVV1kZeUdWvYMbGgyYYDyQn_FmaTLbzhfuyMrZy0sqicvkoHO_3Zcucoz_aARFVdfNm3QBQ7n7oj_hx2MJQfNRJEjc-JSmJB6lBSpiJLDq_v7zwkYK_TQOtHVz_ZPHCwBjA2JvbsbHIWgmGqjyT5ZaIt5J71B89tYCaIKiVK39d61GmGSAVlrFAqEGXWDBXXVvX0OG86-15R0qvp_heMlvKzvo5QofSvPanEdbiEg-dcvGOHZe0EqwH5vvCADUbk&quot;, &quot;impressionLogUri&quot;:&quot;https://mercury.coupang.com/e.gif?t=101&amp;r=ysPTXvBspKIN6VbTyrbi4BmBzqMnCtSOv2yQAlMP1sEePQ2uvpqmAjO5QTZUd8UaAvV5_2UzqkWbSLG5DgKbeoFISsP7ezt9_UZpz1_16RkT-s0vSdWFnds40i7KyF3lcYY7uixFpW7zIEf1YX4p7UfzSi3LZWRoQjLBw9vwN3PtoTMfDlf5yBWlS8s-tXy8gQ4yIOjjLNL6272_QbbHMJdbdJBEeLqgaA0Z9l8wi4yL4X9ulg3NgdVlGmHienF1XXRYwgfl-kyaTfD8P4GwgEtg9cQPJCKdkR5gOKAMmv9czVzqdWSS897EGaVgxBpmwk-I1lT0tIo5Yktt4PY%3D&quot;, &quot;viewImpression&quot;: &quot;https://mercury.coupang.com/e.gif?t=102&amp;r=4c3fjSki27I8RnL04Xavh0Spb4o2wizyqXjZEJjUMgAE6C4fEavb2VvMaUXuZGVUFnHGMAg8wae14SOi-64_QcBWKZVAVCPwsg6AeE16jcVGU-rPIfj8XJli7GtWJBG7EdcAHpoxA_dLSv3adxI3kQVHX2-PtELZkmPllBVcx1j-APXtTxblV7k_7C8Mvsq-6kY1aSVdnUy8rMP3jLlIBPqdTEux65DEKw92L0nm0seYOfwUQT0T4cHydgN48Dz6Ccbz-flaeoIkWOptk4aU0NYjg9-o9SVRkXrh170C463vGkxfYpv-Nk9p2BuCWkPA6L6YsLzaXJ4%3D&quot; }" target="_blank" href="/vp/products/8289728805?vendorItemId=92370791243&amp;sourceType=sdp_jikgu_promotion&amp;searchId=feed-79405b6ec40d48e4b505c883722e5cc6-3.3.169:jikgu_promotion" class="impression-logged view-logged"><div class="promotion-item-image"><img alt="류카쿠산 용각산 목이 시원한 사탕 120맥스 허브 &amp; 마일드밀크, 18개, 88g" loading="lazy" src="//thumbnail5.coupangcdn.com/thumbnails/remote/292x292q65ex/image/vendor_inventory/696f/f7e93fa9d75271baa65658899c6e4bdf8ece27afa70652686c07bf09696f.jpg"></div><div class="promotion-badge">특가진행중</div><div class="promotion-item-info-wrap"><div class="item-title">류카쿠산 용각산 목이 시원한 사탕 120맥스 허브 &amp; 마일드밀크, 18개, 88g</div><div class="discount-contain"><span class="discount-text">와우할인가</span><span class="discount-rate">20%</span><span class="origin-price">59,730</span></div><div class="promotion-item-price-contain"><span class="sales-price">47,780원</span><img alt="https://image6.coupangcdn.com/image/delivery_badge/default/pc/global_b/global_b.png" class="jikgu-badge" loading="lazy" src="https://image6.coupangcdn.com/image/delivery_badge/default/pc/global_b/global_b.png"></div><div class="unit-price">(10g 302원)</div><div class="delivery-text">무료배송</div><div class="promotion-item-review"><span class="split-bg item-review-score-bg"><span class="item-review-score split-bg" style="width: 100%;">100%</span></span><span class="promotion-item-review-count">(64)</span></div><div class="stock_percent_contain"><div class="progress_contain"><div class="progress_position" style="width: 1%;"></div></div><div class="progress_text">1 % 남음</div></div></div></a></li><li class="promotion-carousel-item"><a data-vendor-item-id="91459591194" data-vendor-id="C00332039" data-product-id="8583273233" data-item-id="24666315852" data-tracking-tag="" data-impression-log-uri="https://mercury.coupang.com/e.gif?t=101&amp;r=bc4z9_WbHrPIQRutbYfcGC2cCTGulpM1vxRGpKZmMxgQHBpy6cESlGLnk8IKdh5GXc3YmfarGMJ8IwFACJZRz9mK4TurjoV2iEKMMNv24zhyTMiMV4baAeavyKN9qvXnMj6PmrthGSgCka-SX3FR9BFzONm3XRxDwQiRkneAnsQWV-hJaKV1FZh9N51Bqr4ZtURvaTNCTa9_vHr7SUVddkCoQzfCpSp5x81Ek6b9xxErfvNJOVXdBBXSwXT7lF-ShI2L6ZhJOq4WVrahhr6YsruwHKEjAgx6F00a_bTVSZm0zW6ElGGI7UP8sUJeXa2P2x8pF9pvlV4fJasA4cA%3D" data-click-log-uri="https://mercury.coupang.com/e.gif?t=100&amp;r=FSF28QtojZit1b33FbH3cEab8CI0lQZ6Mvhjk4qIq7wIXp6ZcWHP3ACWpMX6CLmBOHWG9ZjJq7Qjf18t5a2jjaK97yHBwmrIG6t_DePDwWnUvlJa-CY3_el1Ub-oty1_jhHOzF7_nROv7Z_5gQxY-JJcBpD-g3dD8MsHDZ341YsbXDmSa--S8QP1IBk5T9ASDwVa1G7FPwN1X1xLCkIADMvb_rMDhk-_STHl27a-1DzK1ZrDlvLaDrXJLcIiI1geUpHck8s_q200pEOabQ2Pz82d7c0Xd05xoFBMuBppupS24CYr1aD8hGk6X9iHJqXSor5dX7b_TvWT" data-click-logging="{&quot;targetProductId&quot;:8583273233,&quot;targetVendorItemId&quot;:91459591194,&quot;targetItemId&quot;:24666315852,&quot;pageName&quot;:&quot;recommendation&quot;,&quot;domain&quot;:&quot;sdp&quot;,&quot;eventName&quot;:&quot;sdp_jikgu_promotion&quot;}" data-adsplatform="{&quot;clickLogUri&quot;:&quot;https://mercury.coupang.com/e.gif?t=100&amp;r=FSF28QtojZit1b33FbH3cEab8CI0lQZ6Mvhjk4qIq7wIXp6ZcWHP3ACWpMX6CLmBOHWG9ZjJq7Qjf18t5a2jjaK97yHBwmrIG6t_DePDwWnUvlJa-CY3_el1Ub-oty1_jhHOzF7_nROv7Z_5gQxY-JJcBpD-g3dD8MsHDZ341YsbXDmSa--S8QP1IBk5T9ASDwVa1G7FPwN1X1xLCkIADMvb_rMDhk-_STHl27a-1DzK1ZrDlvLaDrXJLcIiI1geUpHck8s_q200pEOabQ2Pz82d7c0Xd05xoFBMuBppupS24CYr1aD8hGk6X9iHJqXSor5dX7b_TvWT&quot;, &quot;impressionLogUri&quot;:&quot;https://mercury.coupang.com/e.gif?t=101&amp;r=bc4z9_WbHrPIQRutbYfcGC2cCTGulpM1vxRGpKZmMxgQHBpy6cESlGLnk8IKdh5GXc3YmfarGMJ8IwFACJZRz9mK4TurjoV2iEKMMNv24zhyTMiMV4baAeavyKN9qvXnMj6PmrthGSgCka-SX3FR9BFzONm3XRxDwQiRkneAnsQWV-hJaKV1FZh9N51Bqr4ZtURvaTNCTa9_vHr7SUVddkCoQzfCpSp5x81Ek6b9xxErfvNJOVXdBBXSwXT7lF-ShI2L6ZhJOq4WVrahhr6YsruwHKEjAgx6F00a_bTVSZm0zW6ElGGI7UP8sUJeXa2P2x8pF9pvlV4fJasA4cA%3D&quot;, &quot;viewImpression&quot;: &quot;https://mercury.coupang.com/e.gif?t=102&amp;r=JbBbwgiRHWSzj7bdJdFiGC8xKfOCSy9sQPFZ34XQ7wPtQEsgJ6fvBpaAOkWsI-6nlxllafcbfrV6boqnrX5jC0IB8u8bSZBK2uc1NbbnGEgt1SxKwAjr1y38HKE33gd8RIEeHkiJePJwbyeLPLHjmLEdvSpar863AxfOWbYjKvwBbZ0IrfXdlkgyjXM1u3Lk3mTNqdllu6nLLhpLYICT5-E6PtqRrdIsxC7D5tfTfaQFn7Bkhgo9Z41kZ8klD24T00CK5tqx0g5yEzYE02eEcStmJRkEgjd-VirgmgnQCLuyiVUdHpwA6sT5zhVxh4PmG_qv4qjJrpc%3D&quot; }" target="_blank" href="/vp/products/8583273233?vendorItemId=91459591194&amp;sourceType=sdp_jikgu_promotion&amp;searchId=feed-79405b6ec40d48e4b505c883722e5cc6-3.3.169:jikgu_promotion" class="impression-logged view-logged"><div class="promotion-item-image"><img alt="8BitDo 얼티메이트 오리온 X 프로 컨트롤러, 1개" loading="lazy" src="//thumbnail9.coupangcdn.com/thumbnails/remote/292x292q65ex/image/vendor_inventory/92bf/72c7b50cb3ad6c1917fa215a4faf6b345a1d0c8cdce74ea68596ec29b6c4.jpg"></div><div class="promotion-badge">특가진행중</div><div class="promotion-item-info-wrap"><div class="item-title">8BitDo 얼티메이트 오리온 X 프로 컨트롤러, 1개</div><div class="discount-contain"><span class="discount-text">와우할인가</span><span class="discount-rate">27%</span><span class="origin-price">79,800</span></div><div class="promotion-item-price-contain"><span class="sales-price">57,600원</span><img alt="https://image6.coupangcdn.com/image/delivery_badge/default/pc/global_b/global_b.png" class="jikgu-badge" loading="lazy" src="https://image6.coupangcdn.com/image/delivery_badge/default/pc/global_b/global_b.png"></div><div class="unit-price">(1개 57,600원)</div><div class="delivery-text">무료배송</div><div class="promotion-item-review"><span class="split-bg item-review-score-bg"><span class="item-review-score split-bg" style="width: 80%;">80%</span></span><span class="promotion-item-review-count">(9)</span></div><div class="stock_percent_contain"><div class="progress_contain"><div class="progress_position" style="width: 94%;"></div></div><div class="progress_text">94 % 남음</div></div></div></a></li><li class="promotion-carousel-item"><a data-vendor-item-id="92564181490" data-vendor-id="C00561973" data-product-id="8686449498" data-item-id="25573090448" data-tracking-tag="" data-impression-log-uri="https://mercury.coupang.com/e.gif?t=101&amp;r=CvgaOL16PuIonm5ZCt7X4H4XF_mFc-V5bSSyt__80EfjqhAaRDoHv0XPsGLLj-7OVXP4TZrZ6CWue8V-NXxp2_kM5c55VvakVinHtnLdD4y7_104JfXGGZKAI199yUVvCC9sNkqHa3naRnH0dSx8MwsctlmMtMsVIRrlsDYuW4ZbdFeZJ0WNRkcm7jGB5GbkXv4O5pX3jyyd8lqx25xAY-lJvqcAFvqsbXQiPtwSw-8WOzSh3NyfT7wt8sS0z-4qBB22HkW5eLpJxEStW1eAFVNe5S-OuqyQbfGaXM8bhuWf0ClUiSJFszRFwTxXsyW-Tpjv_G2J1n8SK5J4e6s%3D" data-click-log-uri="https://mercury.coupang.com/e.gif?t=100&amp;r=mlOd8eKwweD-_Fl7moqGKd-6Z-vhFyTNzQljHy_h9yLOSWjrxyBMqIm5ViInUPsB4Q8jidy3fH_uEFfgxt0pBDLge3J3_6OrTyZxY96wtkCxwACWUhbzNmhKZDEQjiBbdyXyoVOqnYBOblO-0dXkKawJ6kCM7OypYj_MKNNsjtTcl17mpuvsaNAj-JwGkOSCKmz2CwRY-jsq1gLXb3f-mtzTpPEXsBJ4KGC8A69vqY0PtWY5yg3KYuDI2kd4INV9Zwj1Y0bcHATY23m19Zz03i0ur9ItFptMvGqjnG9_qPZ39_rhVUn80Z6C0F1k1NuUHw57SlCy75gA" data-click-logging="{&quot;targetProductId&quot;:8686449498,&quot;targetVendorItemId&quot;:92564181490,&quot;targetItemId&quot;:25573090448,&quot;pageName&quot;:&quot;recommendation&quot;,&quot;domain&quot;:&quot;sdp&quot;,&quot;eventName&quot;:&quot;sdp_jikgu_promotion&quot;}" data-adsplatform="{&quot;clickLogUri&quot;:&quot;https://mercury.coupang.com/e.gif?t=100&amp;r=mlOd8eKwweD-_Fl7moqGKd-6Z-vhFyTNzQljHy_h9yLOSWjrxyBMqIm5ViInUPsB4Q8jidy3fH_uEFfgxt0pBDLge3J3_6OrTyZxY96wtkCxwACWUhbzNmhKZDEQjiBbdyXyoVOqnYBOblO-0dXkKawJ6kCM7OypYj_MKNNsjtTcl17mpuvsaNAj-JwGkOSCKmz2CwRY-jsq1gLXb3f-mtzTpPEXsBJ4KGC8A69vqY0PtWY5yg3KYuDI2kd4INV9Zwj1Y0bcHATY23m19Zz03i0ur9ItFptMvGqjnG9_qPZ39_rhVUn80Z6C0F1k1NuUHw57SlCy75gA&quot;, &quot;impressionLogUri&quot;:&quot;https://mercury.coupang.com/e.gif?t=101&amp;r=CvgaOL16PuIonm5ZCt7X4H4XF_mFc-V5bSSyt__80EfjqhAaRDoHv0XPsGLLj-7OVXP4TZrZ6CWue8V-NXxp2_kM5c55VvakVinHtnLdD4y7_104JfXGGZKAI199yUVvCC9sNkqHa3naRnH0dSx8MwsctlmMtMsVIRrlsDYuW4ZbdFeZJ0WNRkcm7jGB5GbkXv4O5pX3jyyd8lqx25xAY-lJvqcAFvqsbXQiPtwSw-8WOzSh3NyfT7wt8sS0z-4qBB22HkW5eLpJxEStW1eAFVNe5S-OuqyQbfGaXM8bhuWf0ClUiSJFszRFwTxXsyW-Tpjv_G2J1n8SK5J4e6s%3D&quot;, &quot;viewImpression&quot;: &quot;https://mercury.coupang.com/e.gif?t=102&amp;r=AAWXvhqHBuKhYNYEAEzgGXK9pkHpIigpo2aWCDI1_FcFAegwr4qQ9CQXIQ89uNFqg7PXAWFeqPz4J2WIknsv5YWw1Dvqdo5te80ySve4CjR0vD5mabTA9kT93Di0JuRgyVftQPf6F0IYYqXRkrVokYRqsgpaF1JpltJxjeoyytJJ1FRbgD6S0zjElSD0kTznAR2PZnddobC4WzgHCIi5dguxVwc_mz2hZ5fG1YVvP5IxYBH1GVkiItlZCyjaWnZy3d0rp7MBNOT9H2E8vy7j0dj2IPnu9y8X1sM19KwTD4kZp-1sxpKQmk9KcrSsWREVm-O9Pi4DcJ4%3D&quot; }" target="_blank" href="/vp/products/8686449498?vendorItemId=92564181490&amp;sourceType=sdp_jikgu_promotion&amp;searchId=feed-79405b6ec40d48e4b505c883722e5cc6-3.3.169:jikgu_promotion" class="impression-logged view-logged"><div class="promotion-item-image"><img alt="듀포 고치아 민트 캔디, 150g, 2개" loading="lazy" src="//thumbnail5.coupangcdn.com/thumbnails/remote/292x292q65ex/image/vendor_inventory/ca45/047db70efb4bc41df0e51d3bf6eded67435eb57b65171d6b59be944c9d93.jpg"></div><div class="promotion-badge">특가진행중</div><div class="promotion-item-info-wrap"><div class="item-title">듀포 고치아 민트 캔디, 150g, 2개</div><div class="discount-contain"><span class="discount-text">와우할인가</span><span class="discount-rate">37%</span><span class="origin-price">16,000</span></div><div class="promotion-item-price-contain"><span class="sales-price">10,000원</span><img alt="https://image6.coupangcdn.com/image/delivery_badge/default/pc/global_b/global_b.png" class="jikgu-badge" loading="lazy" src="https://image6.coupangcdn.com/image/delivery_badge/default/pc/global_b/global_b.png"></div><div class="unit-price">(10g 333원)</div><div class="stock_percent_contain"><div class="progress_contain"><div class="progress_position" style="width: 99%;"></div></div><div class="progress_text">99 % 남음</div></div></div></a></li><li class="promotion-carousel-item"><a data-vendor-item-id="91254865931" data-vendor-id="C00561973" data-product-id="9060978792" data-item-id="24237776359" data-tracking-tag="" data-impression-log-uri="https://mercury.coupang.com/e.gif?t=101&amp;r=epjFSb0sfr0H5NimeqkM4dvR9flDR1ClCOn9_aL-MDd21RVo-ArwdsXfwm7jq_I0ou7fWcLGbWDIIoeESZS1FCCK9vcHQQCAptFwTBaAt0zgpCId6gCXH7w8dedG2vKWAUCMFpBo8g-JBa0GI1g-WoE9pKmBKhTly7mxc60V20hFpmpE9ugUEbxi9B12JZ1pk1qhkmn8-bclrJ9G6le9pn2peMzk3tDWnb0G-JwvuiRufYBS6i_okEWVnWV2MHYoNveACEHVReke8d2IW7A1atTEg-xzkjQejWbieovwQqUpY9U0hGTnG6WFMbEGMAClFjnE0cMpU6ZglQdE1yk%3D" data-click-log-uri="https://mercury.coupang.com/e.gif?t=100&amp;r=5MyYoM71JuW4RY4X5F_YV4dEkN51aixMtd84rTPyRa8zTHXtpfrTXq9VQGeUZuig8j71vBRbwb80uL8vavmV2xvJlk5fWkWCuY7i3ru2Fuf4TCbscxypOywdvQaw4dgAvNnof0dR9rsrjACj36dIKfZX09bkhGqgDuLLuU7kqfwuJiuuSgVAoNx1-KFqCx5qzj4vMbWif8UDI1XADFwHfGaLxJ7vT1DBwXd1bvyYyAO0u89obQ6IaPqX6z-_10jLIaMjOUmFlbtzbHT8p4e00qHuNMcYLsrEkaHYZAQQpwuv3-RCp_eTZpRR3zDDkBN1MKbkn649u4RZ" data-click-logging="{&quot;targetProductId&quot;:9060978792,&quot;targetVendorItemId&quot;:91254865931,&quot;targetItemId&quot;:24237776359,&quot;pageName&quot;:&quot;recommendation&quot;,&quot;domain&quot;:&quot;sdp&quot;,&quot;eventName&quot;:&quot;sdp_jikgu_promotion&quot;}" data-adsplatform="{&quot;clickLogUri&quot;:&quot;https://mercury.coupang.com/e.gif?t=100&amp;r=5MyYoM71JuW4RY4X5F_YV4dEkN51aixMtd84rTPyRa8zTHXtpfrTXq9VQGeUZuig8j71vBRbwb80uL8vavmV2xvJlk5fWkWCuY7i3ru2Fuf4TCbscxypOywdvQaw4dgAvNnof0dR9rsrjACj36dIKfZX09bkhGqgDuLLuU7kqfwuJiuuSgVAoNx1-KFqCx5qzj4vMbWif8UDI1XADFwHfGaLxJ7vT1DBwXd1bvyYyAO0u89obQ6IaPqX6z-_10jLIaMjOUmFlbtzbHT8p4e00qHuNMcYLsrEkaHYZAQQpwuv3-RCp_eTZpRR3zDDkBN1MKbkn649u4RZ&quot;, &quot;impressionLogUri&quot;:&quot;https://mercury.coupang.com/e.gif?t=101&amp;r=epjFSb0sfr0H5NimeqkM4dvR9flDR1ClCOn9_aL-MDd21RVo-ArwdsXfwm7jq_I0ou7fWcLGbWDIIoeESZS1FCCK9vcHQQCAptFwTBaAt0zgpCId6gCXH7w8dedG2vKWAUCMFpBo8g-JBa0GI1g-WoE9pKmBKhTly7mxc60V20hFpmpE9ugUEbxi9B12JZ1pk1qhkmn8-bclrJ9G6le9pn2peMzk3tDWnb0G-JwvuiRufYBS6i_okEWVnWV2MHYoNveACEHVReke8d2IW7A1atTEg-xzkjQejWbieovwQqUpY9U0hGTnG6WFMbEGMAClFjnE0cMpU6ZglQdE1yk%3D&quot;, &quot;viewImpression&quot;: &quot;https://mercury.coupang.com/e.gif?t=102&amp;r=JKlQv41bL68tOsaDJGfHzys-E0JhNpOk6gGuHkFWb1VDJ5AxkJ-UW5PmGRb2IflntOOkRlDp1_RaLW_ww8XimB21KyPhm-GuYShiY1tSC0mLr0RPhszchNvbbx27pOwBxGLbbjZQbUtHLEdU2tZycG75U08BJTwUn64d40xO0fdnWaY8ipd98bgz3yoMzDf0OtdzSGWk9ri_i-dnqCK8qOzTqlhUiNxn1uRdLE8Rt3Ydgy8ukXpA74dGfLqvi97qfpgozr43Wo0w_dIXHdn4-0x5iZApmszGepk4TEOtzlXKu4h4eUwGxNzKSkk9eafI8COhGpwuLFQ%3D&quot; }" target="_blank" href="/vp/products/9060978792?vendorItemId=91254865931&amp;sourceType=sdp_jikgu_promotion&amp;searchId=feed-79405b6ec40d48e4b505c883722e5cc6-3.3.169:jikgu_promotion" class="impression-logged view-logged"><div class="promotion-item-image"><img alt="리토스 더블 에스프레소 커피 츄, 15g, 48개" loading="lazy" src="//thumbnail6.coupangcdn.com/thumbnails/remote/292x292q65ex/image/vendor_inventory/20f2/57ac07aaf32b50f8bb345b237c9154b21d9ddf5646e6de83481327e67b39.jpg"></div><div class="promotion-badge">특가진행중</div><div class="promotion-item-info-wrap"><div class="item-title">리토스 더블 에스프레소 커피 츄, 15g, 48개</div><div class="discount-contain"><span class="discount-text">와우할인가</span><span class="discount-rate">50%</span><span class="origin-price">94,000</span></div><div class="promotion-item-price-contain"><span class="sales-price">47,000원</span><img alt="https://image6.coupangcdn.com/image/delivery_badge/default/pc/global_b/global_b.png" class="jikgu-badge" loading="lazy" src="https://image6.coupangcdn.com/image/delivery_badge/default/pc/global_b/global_b.png"></div><div class="unit-price">(10g 653원)</div><div class="delivery-text">무료배송</div><div class="promotion-item-review"><span class="split-bg item-review-score-bg"><span class="item-review-score split-bg" style="width: 60%;">60%</span></span><span class="promotion-item-review-count">(7)</span></div><div class="stock_percent_contain"><div class="progress_contain"><div class="progress_position" style="width: 99%;"></div></div><div class="progress_text">99 % 남음</div></div></div></a></li></ul></div></div><a href="javascript:throw new Error('React has blocked a javascript: URL as a security precaution.')" class="promotion-carousel-arrow-button prev" title="이전 상품 보기" style="display: none;">이전 상품 보기</a><a href="javascript:throw new Error('React has blocked a javascript: URL as a security precaution.')" class="promotion-carousel-arrow-button next" title="다음 상품 보기" style="display: block;">다음 상품 보기</a></div></div></div></div><div class="sdp-bottom-banner twc-mb-[40px] sdp-bottom-banner-191126 impression-logged view-logged" data-adsplatform="{&quot;impressionLogUri&quot;:&quot;https://mercury.coupang.com/e.gif?r=8eddf940-990a-11f0-b008-ac81d62d39ba%7E1&quot;,&quot;viewImpression&quot;:&quot;https://mercury.coupang.com/e.gif?r=8eddf940-990a-11f0-b008-ac81d62d39ba%7E2&quot;,&quot;clickLogUri&quot;:&quot;https://mercury.coupang.com/e.gif?r=8eddf940-990a-11f0-b008-ac81d62d39ba%7E3&quot;}" style="display: initial;"><div class="sdp-bottom-banner-header"><h4 class="banner-title">고르고 골랐어요</h4><em class="info-marker">광고</em></div><a class="banner-link" href="/vp/products/7977626480?itemId=25589704318&amp;vendorItemId=91966734975&amp;sourceType=SDP_BOTTOM_BANNER&amp;clickEventId=8eddf940-990a-11f0-b008-ac81d62d39ba"><div class="sdp-bottom-banner-content"><div class="sdp-bottom-banner-info"><div class="sdp-bottom-banner-info-wrapper"><div class="sdp-bottom-banner-thumb"><div class="item-thumbnail"><img alt="한미 텐텐맛 멀티비타민 100정, 1개, 200정" src="http://thumbnail.coupangcdn.com/thumbnails/remote/292x292ex/image/vendor_inventory/8bc6/964c6b8eceeeb29b6949ecdac287b309bfe0258801526f1a9e1bc5ae7693.png"></div><div class="item-discount-rate"><em>22%</em></div></div><div class="item-wrapper"><div class="item-rating"><span class="rating-stars"><em style="width: 100%;"></em></span><span class="rating-count">1,952</span></div><div class="item-title"><span class="title-text" title="한미 텐텐맛 멀티비타민 100정, 1개, 200정">한미 텐텐맛 멀티비타민 100정, 1개, 200정</span></div></div></div><div class="item-link-button"><button type="button" class="button">알아보기</button></div></div></div></a></div></div></div></main><aside class="2xl:twc-min-w-[125px] xl:twc-ml-[20px]"><div id="sdp-ad-middle-banner-lg-position"><div><a class="sdp-mid-banner sdp-mid-banner-191126 banner-link impression-logged view-logged" href="/vp/products/8320750015?itemId=24018254311&amp;vendorItemId=87578055538&amp;sourceType=SDP_MID_BANNER&amp;clickEventId=8eddf940-990a-11f0-92ee-a64e68684e25" data-adsplatform="{&quot;impressionLogUri&quot;:&quot;https://mercury.coupang.com/e.gif?r=8eddf940-990a-11f0-92ee-a64e68684e25%7E1&quot;,&quot;viewImpression&quot;:&quot;https://mercury.coupang.com/e.gif?r=8eddf940-990a-11f0-92ee-a64e68684e25%7E2&quot;,&quot;clickLogUri&quot;:&quot;https://mercury.coupang.com/e.gif?r=8eddf940-990a-11f0-92ee-a64e68684e25%7E3&quot;}"><div class="banner-wrapper"><div class="banner-header"><h4 class="banner-title"><strong>추천 <br></strong>이런건 어때요?</h4></div><div class="banner-contents"><div class="product-item"><div class="item-thumbnail"><img alt="한미 추억의 텐텐 츄정 8봉 80정 어린이 멀티비타민 키즈 종합비타민, 40g, 1박스" loading="lazy" src="http://thumbnail.coupangcdn.com/thumbnails/remote/292x292ex/image/vendor_inventory/087c/44c26fe9ad2f6879c1161b6b83c7ed75a9be817af3a0523b40d1bcfd73fb.jpg"></div><div class="item-title" title="한미 추억의 텐텐 츄정 8봉 80정 어린이 멀티비타민 키즈 종합비타민, 40g, 1박스">한미 추억의 텐텐 츄정 8봉 80정 어린이 멀티비타민 키즈 종합비타민, 40g, 1박스</div><div class="item-badge"><span class="badge"><img alt="한미 추억의 텐텐 츄정 8봉 80정 어린이 멀티비타민 키즈 종합비타민, 40g, 1박스" loading="lazy" src="https://image.coupangcdn.com/image/coupang/rds/logo/iphone_2x/logoRocketMerchantLargeV3R3@2x.png"></span></div><div class="item-review-rating"><span class="rating-stars"><em style="width: 100%;"></em></span></div><div class="item-review-count"><span class="rating-count">92</span></div></div></div><div class="info-marker"><span>광고</span></div><div class="item-link-button"><button type="button" class="button"><span class="button-text">더 알아보기</span><span class="button-icon"></span></button></div></div></a></div></div></aside></div><div class="app-redirect"></div></div><!--$--><!--/$--><div><footer id="wa-footer"><div class="footer-layer1 is-narrowed fw-flex fw-items-center fw-justify-center max-s768:fw-flex-col" style="justify-content:center"><div class="fw-flex fw-flex-wrap"><a href="https://news.coupang.com/" target="_blank">회사소개</a><a href="https://ir.aboutcoupang.com/overview/default.aspx" target="_blank">Investor Relations</a><a href="https://rocketyourcareer.kr.coupang.com" target="_blank">인재채용</a><a href="https://marketplace.coupangcorp.com/s/?utm_source=button_pc&amp;utm_medium=non_paid&amp;utm_campaign=onsite_ca&amp;utm_id=coupang_app?inflow=WEB_FOOTER_B">입점/제휴문의</a><a href="https://mc.coupang.com/ssr/desktop/contact/notice"> 공지사항</a><a href="https://mc.coupang.com/ssr/desktop/contact/voc"> 고객의 소리</a><a href="https://www.coupang.com/np/policies/terms"> 이용약관</a><a href="https://privacy.coupang.com/ko/center/coupang"> <strong>개인정보 처리방침</strong></a><a href="https://privacy.coupang.com/ko/security/status">정보보호/개인정보보호 인증</a><a href="https://rocketpay.coupang.com/rocketpay/operationTerms/coupangPcFooter">쿠팡페이 이용약관</a><a href="https://www.coupang.com/np/safety"> 신뢰관리센터</a><a href="https://partners.coupang.com/" target="_blank">제휴마케팅</a><a href="https://ads.coupang.com" target="_blank">광고안내</a></div><div class="fw-inline-block max-s768:fw-mx-[16px] max-s768:fw-mt-[15px] max-s768:fw-block max-s768:fw-w-full"><div id="site-picker" class="site-picker fw-w-[180px] max-s768:fw-w-auto"><span id="site-picker-select" class="site-picker-label fw-w-full"><p>Global Site</p> <span class="site-picker__arrow"></span></span><ul style="z-index:9999"><li><a href="https://www.tw.coupang.com">Coupang Taiwan 酷澎台灣</a></li></ul></div></div></div><div class="footer-layer2 fw-flex fw-max-w-[768px] fw-justify-between fw-p-[16px] max-s768:fw-flex-col max-s768:fw-gap-[32px] max-s768:fw-px-[15px]"><address class="fw-flex fw-gap-[24px] max-s768:fw-flex-col"><a class="logo fw-opacity-50" href="https://www.coupang.com/" title="COUPANG"><img src="https://front.coupangcdn.com/front-web-next/_next/static/media/logo.f2c4ccb2.png" alt="" loading="lazy"></a><div>상호명 및 호스팅 서비스 제공 : 쿠팡(주)                <br> 대표이사 : 박대준                <br> 서울시 송파구 송파대로 570 <br> 사업자 등록번호 : 120-88-00767 <br>                통신판매업신고 : 2017-서울송파-0680                <br><a href="http://www.ftc.go.kr/info/bizinfo/communicationViewPopup.jsp?wrkr_no=1208800767" target="_blank" class="licensee">사업자정보 확인 &gt;</a></div></address><div class="contact-info"><a href="https://mc.coupang.com/ssr/desktop/contact/inquiry" class="call-center"> <strong>365고객센터</strong> | 전자금융거래분쟁처리담당              <br> <em>1577-7011 (유료)</em> 서울시 송파구 송파대로 570              <br>              <span class="contact-fax">email : help@coupang.com</span></a></div><p class="safe-service"><strong>채무지급보증 안내</strong>            <br>            <span>              당사는 고객님이 현금 결제한 금액에 대해              <br> 채무지급보증 계약을 체결하여              <br> 안전거래를 보장하고 있습니다.              <br>            </span><a href="https://www.coupang.com/np/etc/popWooriService" target="_blank" class="service-check fw-cursor-pointer">서비스 가입사실 확인 &gt;</a></p></div><div class="fw-mx-auto fw-mb-[20px] fw-mt-[15px] fw-hidden fw-border-b-[1px] fw-border-b-[#ddd] s768:fw-block s1500:fw-max-w-[1300px]"></div><div class="fw-mx-auto fw-mb-[16px] fw-max-w-[1300px] fw-flex-wrap fw-items-center fw-justify-start fw-gap-[8px] fw-px-[14px] fw-text-[11px] fw-text-[#768695] fw-flex s768:fw-justify-center"><div><img alt="" loading="lazy" src="https://front.coupangcdn.com/front-web-next/_next/static/media/5.73affd35.png" width="89" height="36"></div><div><img alt="" loading="lazy" src="https://front.coupangcdn.com/front-web-next/_next/static/media/6.901d77a5.png" width="55" height="36"></div></div><div class="footer-layer4"><div class="coupang-copyright fw-mx-auto fw-flex fw-max-w-[968px] fw-items-center fw-justify-between fw-gap-[20px] max-s768:fw-flex-col max-s768:fw-items-start max-s768:fw-gap-[10px]"><p class="info">사이버몰 내 판매되는 상품 중에는 쿠팡에 등록한 개별 판매자가 판매하는                마켓플레이스(오픈마켓) 상품이 포함되어 있습니다. <br>                마켓플레이스(오픈마켓) 상품의 경우 쿠팡은 통신판매중개자이며 통신판매의 당사자가                아닙니다. <br> 쿠팡은 마켓플레이스(오픈마켓) 상품, 거래정보 및 거래 등에 대하여                책임을 지지 않습니다. <br>                쿠팡은 소비자 보호와 안전거래를 위해 신뢰관리센터(CM112@coupang.com)를 운영하고                있으며, 관련 분쟁이 발생할 경우 별도의 분쟁 처리절차에 의거 분쟁이 처리됩니다.                <br> Copyright © Coupang Corp. 2010-2025 All Rights Reserved.</p><ul class="sns-link fw-flex"><li><a href="https://www.facebook.com/Coupang.korea" target="_blank" class="facebook"><img loading="lazy" src="https://front.coupangcdn.com/front-web-next/_next/static/media/f.34bde318.png" alt="" width="30" height="30"></a></li><li><a href="https://news.coupang.com/" target="_blank" class="blog"><img loading="lazy" src="https://front.coupangcdn.com/front-web-next/_next/static/media/b.637cda1c.png" class="fw-rounded-full" alt="" width="30" height="30"></a></li><li><a href="https://www.instagram.com/coupang" target="_blank" class="instagram"><img src="https://front.coupangcdn.com/front-web-next/_next/static/media/s.a7aca4ea.png" alt="" loading="lazy" class="fw-rounded-full fw-bg-white" width="30" height="30"></a></li></ul></div></div></footer></div><script>(self.__next_s=self.__next_s||[]).push([0,{"children":"window.criteo_q = window.criteo_q || []","id":"criteo-js-sdk"}])</script><script src="https://assets.coupangcdn.com/front/sdp-next/_next/static/chunks/webpack-595da8ea303f732c.js" crossorigin="" async=""></script><script>(self.__next_f=self.__next_f||[]).push([0])</script><script>self.__next_f.push([1,"1:\"$Sreact.fragment\"\n2:I[59523,[],\"\"]\n3:I[85567,[],\"\"]\n8:I[83249,[],\"OutletBoundary\"]\nb:I[99007,[],\"AsyncMetadataOutlet\"]\nd:I[83249,[],\"ViewportBoundary\"]\nf:I[83249,[],\"MetadataBoundary\"]\n11:I[21778,[\"4219\",\"static/chunks/app/global-error-af1b0ba210bc2e6f.js\"],\"default\"]\n12:\"$Sreact.suspense\"\n13:I[99007,[],\"AsyncMetadata\"]\n15:I[62892,[\"4345\",\"static/chunks/app/not-found-e04187db147ab454.js\"],\"GlobalError404\"]\n:HL[\"https://assets.coupangcdn.com/front/sdp-next/_next/static/css/8b23093be684c4fa.css\",\"style\",{\"crossOrigin\":\"\"}]\n:HL[\"https://assets.coupangcdn.com/front/sdp-next/_next/static/css/72dbcccd8d722ff9.css\",\"style\",{\"crossOrigin\":\"\"}]\n:HL[\"https://assets.coupangcdn.com/front/sdp-next/_next/static/css/ac6b33e86e43a1e1.css\",\"style\",{\"crossOrigin\":\"\"}]\n:HL[\"https://assets.coupangcdn.com/front/sdp-next/_next/static/css/e6852ddbfb832cf6.css\",\"style\",{\"crossOrigin\":\"\"}]\n:HL[\"https://assets.coupangcdn.com/front/sdp-next/_next/static/css/20bd6cb63e8b6be4.css\",\"style\",{\"crossOrigin\":\"\"}]\n:HL[\"https://assets.coupangcdn.com/front/sdp-next/_next/static/css/74b98dec47f7fbb5.css\",\"style\",{\"crossOrigin\":\"\"}]\n:HL[\"https://assets.coupangcdn.com/front/sdp-next/_next/static/css/6e40729592ee3820.css\",\"style\",{\"crossOrigin\":\"\"}]\n:HL[\"https://assets.coupangcdn.com/front/sdp-next/_next/static/css/c9f2a4028ee138dc.css\",\"style\",{\"crossOrigin\":\"\"}]\n:HL[\"https://assets.coupangcdn.com/front/sdp-next/_next/static/css/d072fa0f759c3041.css\",\"style\",{\"crossOrigin\":\"\"}]\n:HL[\"https://assets.coupangcdn.com/front/sdp-next/_next/static/css/bbf38e62ba1c716b.css\",\"style\",{\"crossOrigin\":\"\"}]\n:HL[\"https://assets.coupangcdn.com/front/sdp-next/_next/static/css/93724a93c41077ec.css\",\"style\",{\"crossOrigin\":\"\"}]\n:HL[\"https://assets.coupangcdn.com/front/sdp-next/_next/static/css/62e0c71b6fc172f0.css\",\"style\",{\"crossOrigin\":\"\"}]\n:HL[\"https://assets.coupangcdn.com/front/sdp-next/_next/static/css/a8b465e3926a2a2e.css\",\"style\",{\"crossOrigin\":\"\"}]\n:HL[\"https://assets.coupangcdn.com/front/sdp-next/_next/static/css/06f5bb6b97c372cf.css\",\"style\",{\"crossOrigin\":\"\""])</script><script>self.__next_f.push([1,"}]\n:HL[\"https://assets.coupangcdn.com/front/sdp-next/_next/static/css/1b434b5a2305f182.css\",\"style\",{\"crossOrigin\":\"\"}]\n:HL[\"https://assets.coupangcdn.com/front/sdp-next/_next/static/css/33b3ba6c3a22259e.css\",\"style\",{\"crossOrigin\":\"\"}]\n"])</script><script>self.__next_f.push([1,"0:{\"P\":null,\"b\":\"cef631c259ceb4b772cf710addbbda88d83f719c\",\"p\":\"https://assets.coupangcdn.com/front/sdp-next\",\"c\":[\"\",\"vp\",\"products\",\"6304732510?vendorItemId=83726045018\u0026sourceType=HOME_RELATED_ADS\u0026searchId=feed-cee516840d704d5986e2ab33448c1457-3.33.55%3Arelated_ads\u0026clickEventId=8b540f30-990a-11f0-901d-c592a65a661e\"],\"i\":false,\"f\":[[[\"\",{\"children\":[\"products\",{\"children\":[[\"productId\",\"6304732510\",\"d\"],{\"children\":[\"__PAGE__?{\\\"vendorItemId\\\":\\\"83726045018\\\",\\\"sourceType\\\":\\\"HOME_RELATED_ADS\\\",\\\"searchId\\\":\\\"feed-cee516840d704d5986e2ab33448c1457-3.33.55:related_ads\\\",\\\"clickEventId\\\":\\\"8b540f30-990a-11f0-901d-c592a65a661e\\\"}\",{}]}]}]},\"$undefined\",\"$undefined\",true],[\"\",[\"$\",\"$1\",\"c\",{\"children\":[[[\"$\",\"link\",\"0\",{\"rel\":\"stylesheet\",\"href\":\"https://assets.coupangcdn.com/front/sdp-next/_next/static/css/8b23093be684c4fa.css\",\"precedence\":\"next\",\"crossOrigin\":\"anonymous\",\"nonce\":\"$undefined\"}]],[\"$\",\"$L2\",null,{\"parallelRouterKey\":\"children\",\"error\":\"$undefined\",\"errorStyles\":\"$undefined\",\"errorScripts\":\"$undefined\",\"template\":[\"$\",\"$L3\",null,{}],\"templateStyles\":\"$undefined\",\"templateScripts\":\"$undefined\",\"notFound\":[\"$L4\",[]],\"forbidden\":\"$undefined\",\"unauthorized\":\"$undefined\"}]]}],{\"children\":[\"products\",[\"$\",\"$1\",\"c\",{\"children\":[null,\"$L5\"]}],{\"children\":[[\"productId\",\"6304732510\",\"d\"],[\"$\",\"$1\",\"c\",{\"children\":[[[\"$\",\"link\",\"0\",{\"rel\":\"stylesheet\",\"href\":\"https://assets.coupangcdn.com/front/sdp-next/_next/static/css/72dbcccd8d722ff9.css\",\"precedence\":\"next\",\"crossOrigin\":\"anonymous\",\"nonce\":\"$undefined\"}]],\"$L6\"]}],{\"children\":[\"__PAGE__\",[\"$\",\"$1\",\"c\",{\"children\":[\"$L7\",[[\"$\",\"link\",\"0\",{\"rel\":\"stylesheet\",\"href\":\"https://assets.coupangcdn.com/front/sdp-next/_next/static/css/ac6b33e86e43a1e1.css\",\"precedence\":\"next\",\"crossOrigin\":\"anonymous\",\"nonce\":\"$undefined\"}],[\"$\",\"link\",\"1\",{\"rel\":\"stylesheet\",\"href\":\"https://assets.coupangcdn.com/front/sdp-next/_next/static/css/e6852ddbfb832cf6.css\",\"precedence\":\"next\",\"crossOrigin\":\"anonymous\",\"nonce\":\"$undefined\"}],[\"$\",\"link\",\"2\",{\"rel\":\"stylesheet\",\"href\":\"https://assets.coupangcdn.com/front/sdp-next/_next/static/css/20bd6cb63e8b6be4.css\",\"precedence\":\"next\",\"crossOrigin\":\"anonymous\",\"nonce\":\"$undefined\"}],[\"$\",\"link\",\"3\",{\"rel\":\"stylesheet\",\"href\":\"https://assets.coupangcdn.com/front/sdp-next/_next/static/css/74b98dec47f7fbb5.css\",\"precedence\":\"next\",\"crossOrigin\":\"anonymous\",\"nonce\":\"$undefined\"}],[\"$\",\"link\",\"4\",{\"rel\":\"stylesheet\",\"href\":\"https://assets.coupangcdn.com/front/sdp-next/_next/static/css/6e40729592ee3820.css\",\"precedence\":\"next\",\"crossOrigin\":\"anonymous\",\"nonce\":\"$undefined\"}],[\"$\",\"link\",\"5\",{\"rel\":\"stylesheet\",\"href\":\"https://assets.coupangcdn.com/front/sdp-next/_next/static/css/c9f2a4028ee138dc.css\",\"precedence\":\"next\",\"crossOrigin\":\"anonymous\",\"nonce\":\"$undefined\"}],[\"$\",\"link\",\"6\",{\"rel\":\"stylesheet\",\"href\":\"https://assets.coupangcdn.com/front/sdp-next/_next/static/css/d072fa0f759c3041.css\",\"precedence\":\"next\",\"crossOrigin\":\"anonymous\",\"nonce\":\"$undefined\"}],[\"$\",\"link\",\"7\",{\"rel\":\"stylesheet\",\"href\":\"https://assets.coupangcdn.com/front/sdp-next/_next/static/css/bbf38e62ba1c716b.css\",\"precedence\":\"next\",\"crossOrigin\":\"anonymous\",\"nonce\":\"$undefined\"}],[\"$\",\"link\",\"8\",{\"rel\":\"stylesheet\",\"href\":\"https://assets.coupangcdn.com/front/sdp-next/_next/static/css/93724a93c41077ec.css\",\"precedence\":\"next\",\"crossOrigin\":\"anonymous\",\"nonce\":\"$undefined\"}],[\"$\",\"link\",\"9\",{\"rel\":\"stylesheet\",\"href\":\"https://assets.coupangcdn.com/front/sdp-next/_next/static/css/62e0c71b6fc172f0.css\",\"precedence\":\"next\",\"crossOrigin\":\"anonymous\",\"nonce\":\"$undefined\"}],[\"$\",\"link\",\"10\",{\"rel\":\"stylesheet\",\"href\":\"https://assets.coupangcdn.com/front/sdp-next/_next/static/css/a8b465e3926a2a2e.css\",\"precedence\":\"next\",\"crossOrigin\":\"anonymous\",\"nonce\":\"$undefined\"}],[\"$\",\"link\",\"11\",{\"rel\":\"stylesheet\",\"href\":\"https://assets.coupangcdn.com/front/sdp-next/_next/static/css/06f5bb6b97c372cf.css\",\"precedence\":\"next\",\"crossOrigin\":\"anonymous\",\"nonce\":\"$undefined\"}],[\"$\",\"link\",\"12\",{\"rel\":\"stylesheet\",\"href\":\"https://assets.coupangcdn.com/front/sdp-next/_next/static/css/1b434b5a2305f182.css\",\"precedence\":\"next\",\"crossOrigin\":\"anonymous\",\"nonce\":\"$undefined\"}],[\"$\",\"link\",\"13\",{\"rel\":\"stylesheet\",\"href\":\"https://assets.coupangcdn.com/front/sdp-next/_next/static/css/33b3ba6c3a22259e.css\",\"precedence\":\"next\",\"crossOrigin\":\"anonymous\",\"nonce\":\"$undefined\"}]],[\"$\",\"$L8\",null,{\"children\":[\"$L9\",\"$La\",[\"$\",\"$Lb\",null,{\"promise\":\"$@c\"}]]}]]}],{},null,false]},null,false]},null,false]},null,false],[\"$\",\"$1\",\"h\",{\"children\":[null,[\"$\",\"$1\",\"KpTtOadbbxzz4nIi4vOeMv\",{\"children\":[[\"$\",\"$Ld\",null,{\"children\":\"$Le\"}],null]}],[\"$\",\"$Lf\",null,{\"children\":\"$L10\"}]]}],false]],\"m\":\"$undefined\",\"G\":[\"$11\",[]],\"s\":false,\"S\":false}\n"])</script><script>self.__next_f.push([1,"10:[\"$\",\"div\",null,{\"hidden\":true,\"children\":[\"$\",\"$12\",null,{\"fallback\":null,\"children\":[\"$\",\"$L13\",null,{\"promise\":\"$@14\"}]}]}]\na:null\n4:[\"$\",\"$L15\",null,{\"locale\":\"ko-KR\"}]\ne:[[\"$\",\"meta\",\"0\",{\"charSet\":\"utf-8\"}],[\"$\",\"meta\",\"1\",{\"name\":\"viewport\",\"content\":\"width=device-width, initial-scale=1\"}]]\n9:null\nc:{\"metadata\":[],\"error\":null,\"digest\":\"$undefined\"}\n14:{\"metadata\":\"$c:metadata\",\"error\":null,\"digest\":\"$undefined\"}\n"])</script><script>self.__next_f.push([1,"5:[\"$undefined\",[\"$\",\"$1\",\"main\",{\"children\":\"$@16\"}]]\n6:[\"$undefined\",[\"$\",\"$1\",\"main\",{\"children\":\"$@17\"}]]\n7:[\"$undefined\",[\"$\",\"$1\",\"main\",{\"children\":\"$@18\"}]]\n"])</script><script>self.__next_f.push([1,"19:I[49765,[\"7939\",\"static/chunks/23d1c445-3fb1b5714cafd795.js\",\"1453\",\"static/chunks/eef9e134-6da3a90b6cb6baa9.js\",\"6232\",\"static/chunks/6232-e7c40857e329aed4.js\",\"9938\",\"static/chunks/9938-fd475d8af17ea706.js\",\"9885\",\"static/chunks/9885-38ad89e3267809e5.js\",\"231\",\"static/chunks/231-0949e9ac6725a831.js\",\"7810\",\"static/chunks/7810-cde3d86f800a418b.js\",\"1736\",\"static/chunks/app/products/%5BproductId%5D/page-808f9f8ac8af238f.js\"],\"WebReliability\"]\n1b:I[65861,[\"7939\",\"static/chunks/23d1c445-3fb1b5714cafd795.js\",\"1453\",\"static/chunks/eef9e134-6da3a90b6cb6baa9.js\",\"6232\",\"static/chunks/6232-e7c40857e329aed4.js\",\"9938\",\"static/chunks/9938-fd475d8af17ea706.js\",\"9885\",\"static/chunks/9885-38ad89e3267809e5.js\",\"231\",\"static/chunks/231-0949e9ac6725a831.js\",\"7810\",\"static/chunks/7810-cde3d86f800a418b.js\",\"1736\",\"static/chunks/app/products/%5BproductId%5D/page-808f9f8ac8af238f.js\"],\"default\"]\n16:[\"$\",\"$L2\",null,{\"parallelRouterKey\":\"children\",\"error\":\"$undefined\",\"errorStyles\":\"$undefined\",\"errorScripts\":\"$undefined\",\"template\":[\"$\",\"$L3\",null,{}],\"templateStyles\":\"$undefined\",\"templateScripts\":\"$undefined\",\"notFound\":\"$undefined\",\"forbidden\":\"$undefined\",\"unauthorized\":\"$undefined\"}]\n1a:T6fc,{\"@context\":\"https://schema.org/\",\"@type\":\"Product\",\"sku\":\"6304732510-26208186094\",\"name\":\"한미약품 추억의 텐텐 딸기맛 츄어블 멀티비타민 어린이영양제 딸기맛 40g 80정 1박스, 0.032g, 1개\",\"image\":[\"https://thumbnail.coupangcdn.com/thumbnails/remote/492x492ex/image/vendor_inventory/844f/9f3832c7ce09599e368fad42b2f4ca5178c971284aa14bc8fed931590a6e.jpg\",\"https://thumbnail.coupangcdn.com/thumbnails/remote/492x492ex/image/vendor_inventory/17ea/88d9bf30bab366466db56d4a4bc1dc75fd5d660b7d7947a03506673be3eb.jpg\",\"https://thumbnail.coupangcdn.com/thumbnails/remote/492x492ex/image/vendor_inventory/ee00/d20a87e5594dea9c043e5ee7dd08390aa5d09e8d5c253694e0f55143531f.jpg\",\"https://thumbnail.coupangcdn.com/thumbnails/remote/492x492ex/image/vendor_inventory/6da3/9a41c64766cebddb742efc35eefb38c5af78ad29a55d36ea42f16b2be1a7.jp"])</script><script>self.__next_f.push([1,"g\"],\"description\":\"현재 별점 4.8점, 리뷰 4582개를 가진 한미약품 추억의 텐텐 딸기맛 츄어블 멀티비타민 어린이영양제 딸기맛 40g 80정 1박스, 0.032g, 1개! 지금 쿠팡에서 더 저렴하고 다양한 사탕 제품들을 확인해보세요.\",\"offers\":{\"priceCurrency\":\"KRW\",\"shippingDetails\":{\"shippingRate\":{\"@type\":\"MonetaryAmount\",\"value\":\"0\",\"currency\":\"KRW\"},\"@type\":\"OfferShippingDetails\",\"shippingDestination\":{\"addressCountry\":\"KR\",\"@type\":\"DefinedRegion\",\"addressRegion\":[\"Seoul\"]}},\"priceSpecification\":{\"priceCurrency\":\"KRW\",\"@type\":\"UnitPriceSpecification\",\"price\":\"30000\",\"priceType\":\"https://schema.org/StrikethroughPrice\"},\"@type\":\"Offer\",\"price\":\"19020\",\"availability\":\"https://schema.org/InStock\",\"url\":\"https://www.coupang.com/vp/products/6304732510?itemId=26208186094\u0026vendorItemId=83726045018\"},\"aggregateRating\":{\"@type\":\"AggregateRating\",\"ratingValue\":4.8,\"ratingCount\":\"4582\"}}"])</script><script>self.__next_f.push([1,"18:[\"$\",\"$L19\",null,{\"domain\":\"sdp\",\"beacons\":[\"sdp_product\",\"sdp_atf\",\"sdp_price\",\"sdp_option_table\",\"sdp_options\",\"sdp_order\"],\"optionalBeacons\":[\"sdp_btf\",\"sdp_simple_btf\",\"sdp_product_image\",\"sdp_fashion_option\",\"sdp_instant_option\",\"sdp_option_picker\",\"sdp_quantity\",\"sdp_add_to_cart\",\"sdp_direct_purchase\"],\"children\":[[false,[\"$\",\"title\",null,{\"children\":\"한미약품 추억의 텐텐 딸기맛 츄어블 멀티비타민 어린이영양제 딸기맛 40g 80정 1박스, 0.032g, 1개 - 사탕 | 쿠팡\"}],[\"$\",\"meta\",null,{\"name\":\"description\",\"content\":\"현재 별점 4.8점, 리뷰 4582개를 가진 한미약품 추억의 텐텐 딸기맛 츄어블 멀티비타민 어린이영양제 딸기맛 40g 80정 1박스, 0.032g, 1개! 지금 쿠팡에서 더 저렴하고 다양한 사탕 제품들을 확인해보세요.\"}],[\"$\",\"meta\",null,{\"property\":\"og:title\",\"content\":\"한미약품 추억의 텐텐 딸기맛 츄어블 멀티비타민 어린이영양제 딸기맛 40g 80정 1박스, 0.032g, 1개 - 사탕 | 쿠팡\"}],[\"$\",\"meta\",null,{\"property\":\"og:description\",\"content\":\"현재 별점 4.8점, 리뷰 4582개를 가진 한미약품 추억의 텐텐 딸기맛 츄어블 멀티비타민 어린이영양제 딸기맛 40g 80정 1박스, 0.032g, 1개! 지금 쿠팡에서 더 저렴하고 다양한 사탕 제품들을 확인해보세요.\"}],[\"$\",\"meta\",null,{\"property\":\"og:url\",\"content\":\"https://www.coupang.com/vp/products/6304732510?vendorItemId=83726045018\"}],[\"$\",\"meta\",null,{\"property\":\"og:image\",\"content\":\"//thumbnail.coupangcdn.com/thumbnails/remote/492x492ex/image/vendor_inventory/844f/9f3832c7ce09599e368fad42b2f4ca5178c971284aa14bc8fed931590a6e.jpg\"}],[[\"$\",\"meta\",null,{\"property\":\"og:image:width\",\"content\":\"492\"}],[\"$\",\"meta\",null,{\"property\":\"og:image:height\",\"content\":\"492\"}]],[\"$\",\"meta\",null,{\"property\":\"og:type\",\"content\":\"website\"}],[\"$\",\"meta\",null,{\"property\":\"og:locale\",\"content\":\"ko_KR\"}],[\"$\",\"meta\",null,{\"property\":\"og:site_name\",\"content\":\"쿠팡\"}],[\"$\",\"link\",null,{\"rel\":\"canonical\",\"href\":\"https://www.coupang.com/vp/products/6304732510\"}]],[[\"$\",\"script\",null,{\"async\":true,\"src\":\"product\",\"type\":\"application/ld+json\",\"children\":\"$1a\"}],[\"$\",\"script\",null,{\"async\":true,\"src\":\"breadcrumb\",\"type\":\"application/ld+json\",\"children\":\"{\\\"@context\\\":\\\"https://schema.org\\\",\\\"@type\\\":\\\"BreadcrumbList\\\",\\\"itemListElement\\\":[{\\\"@type\\\":\\\"ListItem\\\",\\\"position\\\":1,\\\"name\\\":\\\"쿠팡 홈\\\",\\\"item\\\":\\\"https://www.coupang.com\\\"},[{\\\"@type\\\":\\\"ListItem\\\",\\\"position\\\":2,\\\"name\\\":\\\"쿠팡수입\\\",\\\"item\\\":\\\"https://www.coupang.com/np/categories/510691\\\"},{\\\"@type\\\":\\\"ListItem\\\",\\\"position\\\":3,\\\"name\\\":\\\"식품\\\",\\\"item\\\":\\\"https://www.coupang.com/np/categories/519619\\\"},{\\\"@type\\\":\\\"ListItem\\\",\\\"position\\\":4,\\\"name\\\":\\\"과자/초콜릿/시리얼\\\",\\\"item\\\":\\\"https://www.coupang.com/np/categories/519782\\\"},{\\\"@type\\\":\\\"ListItem\\\",\\\"position\\\":5,\\\"name\\\":\\\"사탕/껌\\\",\\\"item\\\":\\\"https://www.coupang.com/np/categories/519809\\\"},{\\\"@type\\\":\\\"ListItem\\\",\\\"position\\\":6,\\\"name\\\":\\\"사탕\\\",\\\"item\\\":\\\"https://www.coupang.com/np/categories/519810\\\"}]]}\"}]],[\"$\",\"div\",null,{\"className\":\"sdp-content twc-m-auto twc-min-w-[320px] twc-max-w-[1500px] twc-px-[16px] md:twc-px-[20px] max-[600px]:twc-pb-[58px] twc-border-t-[1px] twc-border-[#dfe3e8]\",\"children\":[[\"$\",\"ul\",null,{\"className\":\"breadcrumb twc-flex twc-items-center twc-text-[12px] twc-flex-wrap\",\"children\":[[\"$\",\"li\",null,{\"className\":\"twc-flex twc-items-center twc-pb-[16px] twc-pt-[12px]\",\"children\":[[\"$\",\"a\",null,{\"href\":\"https://www.coupang.com\",\"className\":\"hover:twc-text-[#008cff] hover:twc-underline\",\"children\":\"쿠팡 홈\"}],[\"$\",\"svg\",null,{\"className\":\"breadcrumb-arrow-icon twc-mx-[4px]\",\"width\":\"12\",\"height\":\"13\",\"viewBox\":\"0 0 12 13\",\"fill\":\"none\",\"xmlns\":\"http://www.w3.org/2000/svg\",\"children\":[\"$\",\"path\",null,{\"d\":\"M3.8859 2.15732C4.0606 1.9717 4.34367 1.94925 4.54434 2.09575L4.59268 2.1359L8.84268 6.1359C9.03746 6.31922 9.05137 6.61975 8.88442 6.81982L8.84268 6.8641L4.59268 10.8641C4.3916 11.0534 4.07516 11.0438 3.8859 10.8427C3.7112 10.6571 3.70593 10.3732 3.86432 10.1817L3.90732 10.1359L7.77 6.50001L3.90732 2.8641C3.7217 2.6894 3.69925 2.40634 3.84575 2.20566L3.8859 2.15732Z\",\"fill\":\"#AAB5C0\"}]}]]}],[[\"$\",\"li\",\"breadcrumb-510591\",{\"className\":\"twc-flex twc-items-center twc-pb-[16px] twc-pt-[12px]\",\"children\":[[\"$\",\"a\",null,{\"className\":\"hover:twc-text-[#008cff] hover:twc-underline\",\"title\":\"쿠팡수입\",\"href\":\"https://www.coupang.com/np/categories/510691?eventCategory=breadcrumb\",\"children\":\"쿠팡수입\"}],\"$18:props:children:2:props:children:0:props:children:0:props:children:1\"]}],[\"$\",\"li\",\"breadcrumb-519519\",{\"className\":\"twc-flex twc-items-center twc-pb-[16px] twc-pt-[12px]\",\"children\":[[\"$\",\"a\",null,{\"className\":\"hover:twc-text-[#008cff] hover:twc-underline\",\"title\":\"식품\",\"href\":\"https://www.coupang.com/np/categories/519619?eventCategory=breadcrumb\",\"children\":\"식품\"}],\"$18:props:children:2:props:children:0:props:children:0:props:children:1\"]}],[\"$\",\"li\",\"breadcrumb-519682\",{\"className\":\"twc-flex twc-items-center twc-pb-[16px] twc-pt-[12px]\",\"children\":[[\"$\",\"a\",null,{\"className\":\"hover:twc-text-[#008cff] hover:twc-underline\",\"title\":\"과자/초콜릿/시리얼\",\"href\":\"https://www.coupang.com/np/categories/519782?eventCategory=breadcrumb\",\"children\":\"과자/초콜릿/시리얼\"}],\"$18:props:children:2:props:children:0:props:children:0:props:children:1\"]}],[\"$\",\"li\",\"breadcrumb-519709\",{\"className\":\"twc-flex twc-items-center twc-pb-[16px] twc-pt-[12px]\",\"children\":[[\"$\",\"a\",null,{\"className\":\"hover:twc-text-[#008cff] hover:twc-underline\",\"title\":\"사탕/껌\",\"href\":\"https://www.coupang.com/np/categories/519809?eventCategory=breadcrumb\",\"children\":\"사탕/껌\"}],\"$18:props:children:2:props:children:0:props:children:0:props:children:1\"]}],[\"$\",\"li\",\"breadcrumb-519710\",{\"className\":\"twc-flex twc-items-center twc-pb-[16px] twc-pt-[12px]\",\"children\":[[\"$\",\"a\",null,{\"className\":\"hover:twc-text-[#008cff] hover:twc-underline\",\"title\":\"사탕\",\"href\":\"https://www.coupang.com/np/categories/519810?eventCategory=breadcrumb\",\"children\":\"사탕\"}],false]}]]]}],[\"$\",\"$L1b\",null,{\"atfData\":{\"abFlags\":{\"ab51588\":\"A\",\"delayedPddDesignChange\":\"false\",\"addingDisclaimerForReturnedItems\":\"true\",\"ff3945\":\"B\",\"beautyLuxuryABTest\":\"A\",\"applyNewPostCouponModule\":\"B\",\"jikgu1PWarrantyAB\":\"NOT_APPLICABLE\",\"increaseDefaultReviews\":\"B\",\"applyStrikeCompanyNotice\":\"false\",\"fixBugForPEQA29473\":\"B\",\"applyNewPricePolicy\":\"B\",\"exposeRluxBadge\":\"false\",\"applyPricePolicy\":\"B\",\"applyResponsivePC\":\"B\",\"simplifyCoupayMessage\":\"B\",\"pcUsedBannerTc\":\"B\",\"sdpAtfImageVideoImpression\":\"B\",\"supportMaruBuriFont\":\"false\",\"displayTopReviewAttribute\":\"B\",\"enableSourceTypeMonitoring\":\"B\",\"ab83506\":\"A\",\"pcCeInstantOptionPickerExperiment\":\"B\"},\"accountType\":null,\"additionalData\":{\"isFarfetch\":false,\"isRlux\":false,\"expirationDate\":null},\"adult\":false,\"adultWarning\":null,\"almostSoldOut\":false,\"apiUrlMap\":{\"addToCartUrl\":\"coupang://addCart?itemId=26208186094\u0026productId=6304732510\u0026vendorItemId=83726045018\u0026sourceType=offerDetail\u0026price=19020\u0026sdpVisitKey=ao0e3s1oeagjyuah6\u0026isLoser=false\u0026offerStatus=NEW\",\"shippingConsolidationUrl\":\"/vp/products/6304732510/vendor-items/83726045018/shipping-consolidation-widget-v2?vendorId=A00498353\u0026shippingPlaceId=5174380\"},\"attributeTitle\":\"0.032g · 1개\",\"authenticity\":null,\"authors\":null,\"badgeMap\":{\"OFFER_BADGE\":{\"helpLink\":\"coupang://popupWebView?hidden=N\u0026url=https%3A%2F%2Fm.coupang.com%2Fvm%2Fproducts%2Fused-status-description\",\"iconUrl\":null,\"showPopup\":false,\"text\":null,\"type\":\"TEXT\"},\"USAGE_BADGE\":{\"helpLink\":\"coupang://popupWebView?hidden=N\u0026url=https%3A%2F%2Fm.coupang.com%2Fvm%2Fproducts%2Fused-status-description\",\"iconUrl\":null,\"showPopup\":false,\"text\":null,\"type\":\"TEXT\"}},\"betterOffer\":null,\"bizBadge\":null,\"blockInfo\":null,\"brand\":\"\",\"brandShopAuthenticityBadgeUrl\":null,\"brandShopLogoUrl\":null,\"brandShopPlusUrl\":null,\"bundleOption\":{\"optionDetails\":null,\"options\":[],\"viewType\":null},\"buyableQuantity\":999,\"cashBackSummary\":{\"basicCashBackList\":[{\"amount\":190,\"benefit\":\"쿠페이 머니 결제 시 1% 적립\",\"expired\":false,\"i18nAmount\":{\"amount\":\"190\",\"currency\":\"KRW\",\"fractionDigits\":0,\"rawAmount\":190},\"leftDays\":null,\"rate\":\"1\",\"type\":\"BASIC\",\"validity\":\"월 최대 1만원\"}],\"basicRocketPayCashAmt\":190,\"basicRocketPayRate\":\"1\",\"cashBackTitle\":\"캐시적립 혜택\",\"cashIconUrl\":\"https://image.coupangcdn.com/image/badges/cashback/web/list-cash-icon@2x.png\",\"cashWidgetIconUrl\":\"https://image.coupangcdn.com/image/badges/sdp/cashback/web/cash-icon@2x.png\",\"clubMemberCashAmt\":null,\"clubMemberRate\":null,\"clubMemberRewardExpires\":null,\"clubMemberRewardExpiryTime\":null,\"clubMemberRewardLeftDays\":null,\"couPayBankAmt\":380,\"couPayBankExpires\":false,\"couPayBankLeftDays\":1982,\"couPayBankRate\":\"2\",\"couPayMoneyAmt\":761,\"couPayMoneyExpires\":false,\"couPayMoneyLeftDays\":1982,\"couPayMoneyRate\":\"4\",\"extraCashBackList\":[{\"amount\":380,\"benefit\":\"[로켓와우 + 쿠페이 계좌이체] 결제 시 2% 적립\",\"expired\":false,\"i18nAmount\":{\"amount\":\"380\",\"currency\":\"KRW\",\"fractionDigits\":0,\"rawAmount\":380},\"leftDays\":1982,\"rate\":\"2\",\"type\":\"COU_BANK\",\"validity\":\"이벤트 기간 30일, 최대 2만원\"},{\"amount\":761,\"benefit\":\"[로켓와우 + 쿠페이 머니] 결제 시 4% 추가적립\",\"expired\":false,\"i18nAmount\":{\"amount\":\"761\",\"currency\":\"KRW\",\"fractionDigits\":0,\"rawAmount\":761},\"leftDays\":1982,\"rate\":\"4\",\"type\":\"COU_MONEY\",\"validity\":\"이벤트 기간 30일, 최대 4만원\"}],\"finalCashBackAmt\":951,\"finalCashBackAmtIncludeRewardCashAmount\":951,\"giftRewardCashAmount\":null,\"i18nBasicRocketPayCashAmt\":{\"amount\":\"190\",\"currency\":\"KRW\",\"fractionDigits\":0,\"rawAmount\":190},\"i18nClubMemberCashAmt\":null,\"i18nCouPayBankAmt\":{\"amount\":\"380\",\"currency\":\"KRW\",\"fractionDigits\":0,\"rawAmount\":380},\"i18nCouPayMoneyAmt\":{\"amount\":\"761\",\"currency\":\"KRW\",\"fractionDigits\":0,\"rawAmount\":761},\"i18nFinalCashBackAmt\":{\"amount\":\"951\",\"currency\":\"KRW\",\"fractionDigits\":0,\"rawAmount\":951},\"i18nFinalCashBackAmtIncludeRewardCashAmount\":{\"amount\":\"951\",\"currency\":\"KRW\",\"fractionDigits\":0,\"rawAmount\":951},\"i18nRewardCashAmount\":null,\"inBookCategory\":null,\"luxuryItem\":false,\"popupType\":\"WITHEXTRA\",\"rewardCashAmount\":null,\"targetedPromotionBanner\":null},\"category\":null,\"ccidEligible\":false,\"ccidInfo\":null,\"countryOfOrigin\":\"원산지: 상품 상세페이지 참조\",\"couponList\":[],\"dawnOnly\":false,\"deliveryAttribute\":false,\"detailProductType\":null,\"discountBenefitDescription\":null,\"discountBenefitDescriptionList\":null,\"easePayment\":{\"digitPwdIcon\":\"https://image.coupangcdn.com/image/coupang/common/payment/passcode_lock_color@4x.png\",\"digitPwdText\":\"6자리 비밀번호 최초 1회 등록 시\",\"easePaymentMessageForRegABTestOption\":\"B\",\"easyPaymentText\":\"안전하게 간편 결제\",\"list\":[{\"icon\":\"https://image.coupangcdn.com/image/coupang/common/payment/coupaymoney_color@4x.png\",\"text\":\"쿠페이머니\"},{\"icon\":\"https://image.coupangcdn.com/image/coupang/common/payment/card_color@4x.png\",\"text\":\"카드\"},{\"icon\":\"https://image.coupangcdn.com/image/coupang/common/payment/bankbook_color@4x.png\",\"text\":\"계좌이체\"}],\"title\":\"PC에서도 간편한 결제\"},\"familyAndFriends\":false,\"freshEligible\":false,\"giftcard\":false,\"globalCCIDInfo\":null,\"globalInstallmentInfo\":null,\"goldFish\":false,\"hasBrandShop\":false,\"highlights\":[],\"images\":[{\"detailImage\":\"//thumbnail.coupangcdn.com/thumbnails/remote/492x492ex/image/vendor_inventory/844f/9f3832c7ce09599e368fad42b2f4ca5178c971284aa14bc8fed931590a6e.jpg\",\"origin\":\"//image.coupangcdn.com/image/vendor_inventory/844f/9f3832c7ce09599e368fad42b2f4ca5178c971284aa14bc8fed931590a6e.jpg\",\"preloadImage\":\"//thumbnail.coupangcdn.com/thumbnails/remote/230x230ex/image/vendor_inventory/844f/9f3832c7ce09599e368fad42b2f4ca5178c971284aa14bc8fed931590a6e.jpg\",\"thumbnailImage\":\"//thumbnail.coupangcdn.com/thumbnails/remote/48x48ex/image/vendor_inventory/844f/9f3832c7ce09599e368fad42b2f4ca5178c971284aa14bc8fed931590a6e.jpg\"},{\"detailImage\":\"//thumbnail.coupangcdn.com/thumbnails/remote/492x492ex/image/vendor_inventory/17ea/88d9bf30bab366466db56d4a4bc1dc75fd5d660b7d7947a03506673be3eb.jpg\",\"origin\":\"//image.coupangcdn.com/image/vendor_inventory/17ea/88d9bf30bab366466db56d4a4bc1dc75fd5d660b7d7947a03506673be3eb.jpg\",\"preloadImage\":\"//thumbnail.coupangcdn.com/thumbnails/remote/230x230ex/image/vendor_inventory/17ea/88d9bf30bab366466db56d4a4bc1dc75fd5d660b7d7947a03506673be3eb.jpg\",\"thumbnailImage\":\"//thumbnail.coupangcdn.com/thumbnails/remote/48x48ex/image/vendor_inventory/17ea/88d9bf30bab366466db56d4a4bc1dc75fd5d660b7d7947a03506673be3eb.jpg\"},{\"detailImage\":\"//thumbnail.coupangcdn.com/thumbnails/remote/492x492ex/image/vendor_inventory/ee00/d20a87e5594dea9c043e5ee7dd08390aa5d09e8d5c253694e0f55143531f.jpg\",\"origin\":\"//image.coupangcdn.com/image/vendor_inventory/ee00/d20a87e5594dea9c043e5ee7dd08390aa5d09e8d5c253694e0f55143531f.jpg\",\"preloadImage\":\"//thumbnail.coupangcdn.com/thumbnails/remote/230x230ex/image/vendor_inventory/ee00/d20a87e5594dea9c043e5ee7dd08390aa5d09e8d5c253694e0f55143531f.jpg\",\"thumbnailImage\":\"//thumbnail.coupangcdn.com/thumbnails/remote/48x48ex/image/vendor_inventory/ee00/d20a87e5594dea9c043e5ee7dd08390aa5d09e8d5c253694e0f55143531f.jpg\"},{\"detailImage\":\"//thumbnail.coupangcdn.com/thumbnails/remote/492x492ex/image/vendor_inventory/6da3/9a41c64766cebddb742efc35eefb38c5af78ad29a55d36ea42f16b2be1a7.jpg\",\"origin\":\"//image.coupangcdn.com/image/vendor_inventory/6da3/9a41c64766cebddb742efc35eefb38c5af78ad29a55d36ea42f16b2be1a7.jpg\",\"preloadImage\":\"//thumbnail.coupangcdn.com/thumbnails/remote/230x230ex/image/vendor_inventory/6da3/9a41c64766cebddb742efc35eefb38c5af78ad29a55d36ea42f16b2be1a7.jpg\",\"thumbnailImage\":\"//thumbnail.coupangcdn.com/thumbnails/remote/48x48ex/image/vendor_inventory/6da3/9a41c64766cebddb742efc35eefb38c5af78ad29a55d36ea42f16b2be1a7.jpg\"}],\"invalid\":false,\"inventory\":null,\"itemId\":26208186094,\"itemName\":\"한미약품 추억의 텐텐 딸기맛 츄어블 멀티비타민 어린이영양제 딸기맛 40g 80정 1박스, 0.032g, 1개\",\"lapseFloatingNudgeVo\":null,\"leafCategoryInfo\":{\"categoryId\":1427,\"componentId\":null,\"name\":\"비타민\",\"parentsCategoryNames\":[\"건강식품\",\"건강식품\",\"식품\",\"KAN\",\"HOME\"]},\"limitNoticeVo\":null,\"linkedVendorItemInfo\":null,\"luxuryDiscountBenefit\":null,\"memberInfo\":{\"eligibleAddress\":true,\"loyaltyMember\":false,\"loyaltyMemberExcludePseudoMember\":false,\"memberName\":null,\"onHoldMember\":false,\"pseudoMember\":false,\"redCarpetPromotionPopupInfoVo\":null,\"withdraw\":false,\"withdrawOrOnHold\":false},\"moduleData\":null,\"offerBanner\":null,\"offerDescription\":\"\",\"options\":{\"attributeVendorItemMap\":{\"3558295769,1626146022\":{\"additionalData\":null,\"almostSoldOut\":false,\"apiUrlMap\":{\"addToCartUrl\":\"coupang://addCart?itemId=26188603994\u0026productId=6304732510\u0026vendorItemId=93187263905\u0026sourceType=offerDetail\u0026price=29820\u0026sdpVisitKey=\u0026isLoser=false\u0026offerStatus=NEW\",\"shippingConsolidationUrl\":\"/vp/products/6304732510/vendor-items/93187263905/shipping-consolidation-widget-v2?vendorId=A01002635\u0026shippingPlaceId=17593520\"},\"attributeTitle\":null,\"authenticity\":null,\"authors\":null,\"badgeMap\":{},\"bizBadge\":null,\"blockInfo\":null,\"bundleOption\":null,\"buyableQuantity\":1,\"cashBackSummary\":null,\"ccidEligible\":false,\"ccidInfo\":null,\"couponList\":null,\"dawnOnly\":false,\"deliveryAttribute\":false,\"discountBenefitDescription\":null,\"discountBenefitDescriptionList\":null,\"easePayment\":null,\"freshEligible\":false,\"giftcard\":false,\"globalCCIDInfo\":null,\"globalInstallmentInfo\":null,\"goldFish\":false,\"highlights\":null,\"images\":[{\"detailImage\":\"//thumbnail.coupangcdn.com/thumbnails/remote/492x492ex/image/vendor_inventory/e1bf/efd3c9991e90a771d56139fe0a0819175bbb69e48369bec3488f5f606f02.jpeg\",\"origin\":\"//image.coupangcdn.com/image/vendor_inventory/e1bf/efd3c9991e90a771d56139fe0a0819175bbb69e48369bec3488f5f606f02.jpeg\",\"preloadImage\":\"//thumbnail.coupangcdn.com/thumbnails/remote/230x230ex/image/vendor_inventory/e1bf/efd3c9991e90a771d56139fe0a0819175bbb69e48369bec3488f5f606f02.jpeg\",\"thumbnailImage\":\"//thumbnail.coupangcdn.com/thumbnails/remote/48x48ex/image/vendor_inventory/e1bf/efd3c9991e90a771d56139fe0a0819175bbb69e48369bec3488f5f606f02.jpeg\"}],\"invalid\":false,\"inventory\":null,\"itemId\":26188603994,\"itemName\":\"텐텐 영양제 2박스 추억의 텐텐 (총 16봉지), 320g, 2개\",\"limitNoticeVo\":null,\"linkedVendorItemInfo\":null,\"luxuryDiscountBenefit\":null,\"memberInfo\":null,\"offerBanner\":null,\"offerDescription\":null,\"otherSellerCount\":null,\"parentItemId\":null,\"preOrderVo\":null,\"quantityBase\":[{\"abFlags\":{\"applyExtremeProminenceFreeDeliveryMessages\":\"A\",\"jikgu1PWarrantyAB\":\"NOT_APPLICABLE\"},\"appliedCoupon\":null,\"benefitDisplayType\":null,\"bundleOption\":null,\"cashBackSummary\":null,\"delivery\":{\"badgeUrl\":null,\"company\":null,\"companyLabel\":null,\"countDownMessage\":null,\"countDownMillisecond\":null,\"delayMessage\":null,\"deliveryExtraInfo\":null,\"deliveryNotice\":null,\"deliveryReminderMessage\":null,\"descriptionBadge\":null,\"descriptionIcon\":null,\"descriptions\":\"\u003cem class='prod-txt-onyx prod-txt-font-14'\u003e모레(금) 9/26\u003c/em\u003e\u003cem class='prod-txt-onyx'\u003e 도착 예정 (판매자배송)\u003c/em\u003e\",\"extremeDescriptions\":null,\"hideQuestionMark\":false,\"logistics\":false,\"loyaltyButtonText\":null,\"rocketWowQuestionMark\":false,\"speedType\":null,\"title\":null,\"type\":\"VENDOR_DELIVERY\"},\"deliveryList\":[{\"badgeUrl\":null,\"company\":null,\"companyLabel\":null,\"countDownMessage\":null,\"countDownMillisecond\":null,\"delayMessage\":null,\"deliveryExtraInfo\":null,\"deliveryNotice\":null,\"deliveryReminderMessage\":null,\"descriptionBadge\":null,\"descriptionIcon\":null,\"descriptions\":\"\u003cem class='prod-txt-onyx prod-txt-font-14'\u003e모레(금) 9/26\u003c/em\u003e\u003cem class='prod-txt-onyx'\u003e 도착 예정 (판매자배송)\u003c/em\u003e\",\"extremeDescriptions\":null,\"hideQuestionMark\":false,\"logistics\":false,\"loyaltyButtonText\":null,\"rocketWowQuestionMark\":false,\"speedType\":null,\"title\":null,\"type\":\"VENDOR_DELIVERY\"}],\"freebieBenefit\":null,\"freebieBenefitV2\":null,\"freebiePromotions\":null,\"moduleData\":null,\"price\":{\"cashPromotionMessage\":null,\"couponDiscountAmount\":null,\"couponPrice\":\"29,820\",\"couponPriceTitle\":\"\",\"couponUnitPrice\":\"10g당 466원\",\"description\":null,\"discountRate\":null,\"finalPrice\":\"29,820\",\"gppuPricePolicy\":null,\"hasNormalCouponDiscount\":false,\"hasNormalInstantDiscount\":false,\"hasWowCouponDiscount\":false,\"hasWowInstantDiscount\":false,\"i18nCouponDiscountAmount\":null,\"i18nCouponPrice\":{\"amount\":\"29820\",\"currency\":\"KRW\",\"fractionDigits\":0,\"rawAmount\":null},\"i18nOriginPrice\":null,\"i18nPriceAmount\":null,\"i18nSalePrice\":{\"amount\":\"29820\",\"currency\":\"KRW\",\"fractionDigits\":0,\"rawAmount\":null},\"instantDiscount\":false,\"instantPriceType\":null,\"loyaltyButtonText\":null,\"loyaltyRegistrationUrl\":null,\"originPrice\":null,\"originalPriceDesc\":\"\",\"priceAmount\":null,\"salePrice\":\"29,820\",\"salePriceTitle\":\"\",\"saleUnitPrice\":\"10g당 466원\",\"title\":null,\"type\":null,\"unitDiscountRate\":null,\"unitPrice\":null,\"wowCouponDiscount\":false},\"priceList\":[{\"cashPromotionMessage\":null,\"couponDiscountAmount\":null,\"couponPrice\":null,\"couponPriceTitle\":null,\"couponUnitPrice\":null,\"description\":null,\"discountRate\":null,\"finalPrice\":null,\"gppuPricePolicy\":null,\"hasNormalCouponDiscount\":false,\"hasNormalInstantDiscount\":false,\"hasWowCouponDiscount\":false,\"hasWowInstantDiscount\":false,\"i18nCouponDiscountAmount\":null,\"i18nCouponPrice\":null,\"i18nOriginPrice\":null,\"i18nPriceAmount\":{\"amount\":\"29820\",\"currency\":\"KRW\",\"fractionDigits\":0,\"rawAmount\":null},\"i18nSalePrice\":null,\"instantDiscount\":null,\"instantPriceType\":null,\"loyaltyButtonText\":null,\"loyaltyRegistrationUrl\":null,\"originPrice\":null,\"originalPriceDesc\":null,\"priceAmount\":\"29,820\",\"salePrice\":null,\"salePriceTitle\":null,\"saleUnitPrice\":null,\"title\":\"쿠팡판매가\",\"type\":\"SALES\",\"unitDiscountRate\":null,\"unitPrice\":\"10g당 466원\",\"wowCouponDiscount\":false}],\"priceUnit\":\"원\",\"quantity\":1,\"quantityLimitationVO\":null,\"selectedIndex\":0,\"shipmentDisplayType\":\"NORMAL\",\"shippingFee\":{\"dividerIcon\":null,\"extremeMessage\":null,\"freeShippingConditionMessage\":null,\"message\":\"\u003cem class='prod-txt-bold'\u003e무료배송\u003c/em\u003e\",\"popupFreeShippingConditionMessage\":null,\"returnFeeMessage\":null,\"shippingFee\":\"0\",\"shippingFeeIcon\":null,\"shippingFeeType\":\"FREE\",\"title\":null,\"titleIcon\":null},\"shippingFeeList\":[{\"dividerIcon\":null,\"extremeMessage\":null,\"freeShippingConditionMessage\":null,\"message\":\"\u003cem class='prod-txt-bold'\u003e무료배송\u003c/em\u003e\",\"popupFreeShippingConditionMessage\":null,\"returnFeeMessage\":null,\"shippingFee\":null,\"shippingFeeIcon\":null,\"shippingFeeType\":\"FREE\",\"title\":null,\"titleIcon\":null}],\"subscriptionDelivery\":null,\"subscriptionDiscountRate\":-1,\"subscriptionPrice\":null,\"subscriptionPriceList\":[],\"wowOnlyInstantDiscountRate\":0}],\"restockNotification\":false,\"retail\":false,\"rocketLuxuryDisclaimer\":null,\"roleCode\":null,\"ruleBasedTitle\":null,\"sellingInfoVo\":null,\"shippingConsolidationLink\":null,\"soldOut\":false,\"stickBanners\":null,\"subscribeInfo\":null,\"summary\":null,\"supplier\":null,\"topSellingInfo\":null,\"used\":false,\"vendor\":null,\"vendorItemId\":93187263905,\"warrantyServiceVo\":null,\"wishList\":false},\"3162825992,1626146177\":{\"additionalData\":null,\"almostSoldOut\":false,\"apiUrlMap\":{\"addToCartUrl\":\"coupang://addCart?itemId=26062938875\u0026productId=6304732510\u0026vendorItemId=93044196173\u0026sourceType=offerDetail\u0026price=15000\u0026sdpVisitKey=\u0026isLoser=false\u0026offerStatus=NEW\",\"shippingConsolidationUrl\":\"/vp/products/6304732510/vendor-items/93044196173/shipping-consolidation-widget-v2?vendorId=A01002635\u0026shippingPlaceId=17593520\"},\"attributeTitle\":null,\"authenticity\":null,\"authors\":null,\"badgeMap\":{},\"bizBadge\":null,\"blockInfo\":null,\"bundleOption\":null,\"buyableQuantity\":2,\"cashBackSummary\":null,\"ccidEligible\":false,\"ccidInfo\":null,\"couponList\":null,\"dawnOnly\":false,\"deliveryAttribute\":false,\"discountBenefitDescription\":null,\"discountBenefitDescriptionList\":null,\"easePayment\":null,\"freshEligible\":false,\"giftcard\":false,\"globalCCIDInfo\":null,\"globalInstallmentInfo\":null,\"goldFish\":false,\"highlights\":null,\"images\":[{\"detailImage\":\"//thumbnail.coupangcdn.com/thumbnails/remote/492x492ex/image/vendor_inventory/3fca/d29a6939076afcf00185ec5c500aa9453476c672a6c92b9778ca10f0189e.png\",\"origin\":\"//image.coupangcdn.com/image/vendor_inventory/3fca/d29a6939076afcf00185ec5c500aa9453476c672a6c92b9778ca10f0189e.png\",\"preloadImage\":\"//thumbnail.coupangcdn.com/thumbnails/remote/230x230ex/image/vendor_inventory/3fca/d29a6939076afcf00185ec5c500aa9453476c672a6c92b9778ca10f0189e.png\",\"thumbnailImage\":\"//thumbnail.coupangcdn.com/thumbnails/remote/48x48ex/image/vendor_inventory/3fca/d29a6939076afcf00185ec5c500aa9453476c672a6c92b9778ca10f0189e.png\"},{\"detailImage\":\"//thumbnail.coupangcdn.com/thumbnails/remote/492x492ex/image/vendor_inventory/3fca/d29a6939076afcf00185ec5c500aa9453476c672a6c92b9778ca10f0189e.png\",\"origin\":\"//image.coupangcdn.com/image/vendor_inventory/3fca/d29a6939076afcf00185ec5c500aa9453476c672a6c92b9778ca10f0189e.png\",\"preloadImage\":\"//thumbnail.coupangcdn.com/thumbnails/remote/230x230ex/image/vendor_inventory/3fca/d29a6939076afcf00185ec5c500aa9453476c672a6c92b9778ca10f0189e.png\",\"thumbnailImage\":\"//thumbnail.coupangcdn.com/thumbnails/remote/48x48ex/image/vendor_inventory/3fca/d29a6939076afcf00185ec5c500aa9453476c672a6c92b9778ca10f0189e.png\"}],\"invalid\":false,\"inventory\":null,\"itemId\":26062938875,\"itemName\":\"한미 추억의 미니 텐텐 츄정 1봉지 10정, 40g, 7개\",\"limitNoticeVo\":null,\"linkedVendorItemInfo\":null,\"luxuryDiscountBenefit\":null,\"memberInfo\":null,\"offerBanner\":null,\"offerDescription\":null,\"otherSellerCount\":null,\"parentItemId\":null,\"preOrderVo\":null,\"quantityBase\":[{\"abFlags\":{\"applyExtremeProminenceFreeDeliveryMessages\":\"A\",\"jikgu1PWarrantyAB\":\"NOT_APPLICABLE\"},\"appliedCoupon\":null,\"benefitDisplayType\":null,\"bundleOption\":null,\"cashBackSummary\":null,\"delivery\":{\"badgeUrl\":null,\"company\":null,\"companyLabel\":null,\"countDownMessage\":null,\"countDownMillisecond\":null,\"delayMessage\":null,\"deliveryExtraInfo\":null,\"deliveryNotice\":null,\"deliveryReminderMessage\":null,\"descriptionBadge\":null,\"descriptionIcon\":null,\"descriptions\":\"\u003cem class='prod-txt-onyx prod-txt-font-14'\u003e모레(금) 9/26\u003c/em\u003e\u003cem class='prod-txt-onyx'\u003e 도착 예정 (판매자배송)\u003c/em\u003e\",\"extremeDescriptions\":null,\"hideQuestionMark\":false,\"logistics\":false,\"loyaltyButtonText\":null,\"rocketWowQuestionMark\":false,\"speedType\":null,\"title\":null,\"type\":\"VENDOR_DELIVERY\"},\"deliveryList\":[{\"badgeUrl\":null,\"company\":null,\"companyLabel\":null,\"countDownMessage\":null,\"countDownMillisecond\":null,\"delayMessage\":null,\"deliveryExtraInfo\":null,\"deliveryNotice\":null,\"deliveryReminderMessage\":null,\"descriptionBadge\":null,\"descriptionIcon\":null,\"descriptions\":\"\u003cem class='prod-txt-onyx prod-txt-font-14'\u003e모레(금) 9/26\u003c/em\u003e\u003cem class='prod-txt-onyx'\u003e 도착 예정 (판매자배송)\u003c/em\u003e\",\"extremeDescriptions\":null,\"hideQuestionMark\":false,\"logistics\":false,\"loyaltyButtonText\":null,\"rocketWowQuestionMark\":false,\"speedType\":null,\"title\":null,\"type\":\"VENDOR_DELIVERY\"}],\"freebieBenefit\":null,\"freebieBenefitV2\":null,\"freebiePromotions\":null,\"moduleData\":null,\"price\":{\"cashPromotionMessage\":null,\"couponDiscountAmount\":null,\"couponPrice\":\"15,000\",\"couponPriceTitle\":\"\",\"couponUnitPrice\":\"10g당 536원\",\"description\":null,\"discountRate\":null,\"finalPrice\":\"15,000\",\"gppuPricePolicy\":null,\"hasNormalCouponDiscount\":false,\"hasNormalInstantDiscount\":false,\"hasWowCouponDiscount\":false,\"hasWowInstantDiscount\":false,\"i18nCouponDiscountAmount\":null,\"i18nCouponPrice\":{\"amount\":\"15000\",\"currency\":\"KRW\",\"fractionDigits\":0,\"rawAmount\":null},\"i18nOriginPrice\":null,\"i18nPriceAmount\":null,\"i18nSalePrice\":{\"amount\":\"15000\",\"currency\":\"KRW\",\"fractionDigits\":0,\"rawAmount\":null},\"instantDiscount\":false,\"instantPriceType\":null,\"loyaltyButtonText\":null,\"loyaltyRegistrationUrl\":null,\"originPrice\":null,\"originalPriceDesc\":\"\",\"priceAmount\":null,\"salePrice\":\"15,000\",\"salePriceTitle\":\"\",\"saleUnitPrice\":\"10g당 536원\",\"title\":null,\"type\":null,\"unitDiscountRate\":null,\"unitPrice\":null,\"wowCouponDiscount\":false},\"priceList\":[{\"cashPromotionMessage\":null,\"couponDiscountAmount\":null,\"couponPrice\":null,\"couponPriceTitle\":null,\"couponUnitPrice\":null,\"description\":null,\"discountRate\":null,\"finalPrice\":null,\"gppuPricePolicy\":null,\"hasNormalCouponDiscount\":false,\"hasNormalInstantDiscount\":false,\"hasWowCouponDiscount\":false,\"hasWowInstantDiscount\":false,\"i18nCouponDiscountAmount\":null,\"i18nCouponPrice\":null,\"i18nOriginPrice\":null,\"i18nPriceAmount\":{\"amount\":\"15000\",\"currency\":\"KRW\",\"fractionDigits\":0,\"rawAmount\":null},\"i18nSalePrice\":null,\"instantDiscount\":null,\"instantPriceType\":null,\"loyaltyButtonText\":null,\"loyaltyRegistrationUrl\":null,\"originPrice\":null,\"originalPriceDesc\":null,\"priceAmount\":\"15,000\",\"salePrice\":null,\"salePriceTitle\":null,\"saleUnitPrice\":null,\"title\":\"쿠팡판매가\",\"type\":\"SALES\",\"unitDiscountRate\":null,\"unitPrice\":\"10g당 536원\",\"wowCouponDiscount\":false}],\"priceUnit\":\"원\",\"quantity\":1,\"quantityLimitationVO\":null,\"selectedIndex\":0,\"shipmentDisplayType\":\"NORMAL\",\"shippingFee\":{\"dividerIcon\":null,\"extremeMessage\":null,\"freeShippingConditionMessage\":null,\"message\":\"\u003cem class='prod-txt-bold'\u003e무료배송\u003c/em\u003e\",\"popupFreeShippingConditionMessage\":null,\"returnFeeMessage\":null,\"shippingFee\":\"0\",\"shippingFeeIcon\":null,\"shippingFeeType\":\"FREE\",\"title\":null,\"titleIcon\":null},\"shippingFeeList\":[{\"dividerIcon\":null,\"extremeMessage\":null,\"freeShippingConditionMessage\":null,\"message\":\"\u003cem class='prod-txt-bold'\u003e무료배송\u003c/em\u003e\",\"popupFreeShippingConditionMessage\":null,\"returnFeeMessage\":null,\"shippingFee\":null,\"shippingFeeIcon\":null,\"shippingFeeType\":\"FREE\",\"title\":null,\"titleIcon\":null}],\"subscriptionDelivery\":null,\"subscriptionDiscountRate\":-1,\"subscriptionPrice\":null,\"subscriptionPriceList\":[],\"wowOnlyInstantDiscountRate\":0}],\"restockNotification\":false,\"retail\":false,\"rocketLuxuryDisclaimer\":null,\"roleCode\":null,\"ruleBasedTitle\":null,\"sellingInfoVo\":null,\"shippingConsolidationLink\":null,\"soldOut\":false,\"stickBanners\":null,\"subscribeInfo\":null,\"summary\":null,\"supplier\":null,\"topSellingInfo\":null,\"used\":false,\"vendor\":null,\"vendorItemId\":93044196173,\"warrantyServiceVo\":null,\"wishList\":false},\"3558295769,1626145991\":{\"additionalData\":null,\"almostSoldOut\":false,\"apiUrlMap\":{\"addToCartUrl\":\"coupang://addCart?itemId=13055550171\u0026productId=6304732510\u0026vendorItemId=91295034077\u0026sourceType=offerDetail\u0026price=16460\u0026sdpVisitKey=\u0026isLoser=false\u0026offerStatus=NEW\",\"shippingConsolidationUrl\":\"/vp/products/6304732510/vendor-items/91295034077/shipping-consolidation-widget-v2?vendorId=A01273692\u0026shippingPlaceId=21538239\"},\"attributeTitle\":null,\"authenticity\":null,\"authors\":null,\"badgeMap\":{},\"bizBadge\":null,\"blockInfo\":null,\"bundleOption\":null,\"buyableQuantity\":50,\"cashBackSummary\":null,\"ccidEligible\":false,\"ccidInfo\":null,\"couponList\":null,\"dawnOnly\":false,\"deliveryAttribute\":false,\"discountBenefitDescription\":null,\"discountBenefitDescriptionList\":null,\"easePayment\":null,\"freshEligible\":false,\"giftcard\":false,\"globalCCIDInfo\":null,\"globalInstallmentInfo\":null,\"goldFish\":false,\"highlights\":null,\"images\":[{\"detailImage\":\"//thumbnail.coupangcdn.com/thumbnails/remote/492x492ex/image/vendor_inventory/fb5a/fb5ea764c43d7c2a020412c73cec0f214f004f428aa546cac702e06bc074.png\",\"origin\":\"//image.coupangcdn.com/image/vendor_inventory/fb5a/fb5ea764c43d7c2a020412c73cec0f214f004f428aa546cac702e06bc074.png\",\"preloadImage\":\"//thumbnail.coupangcdn.com/thumbnails/remote/230x230ex/image/vendor_inventory/fb5a/fb5ea764c43d7c2a020412c73cec0f214f004f428aa546cac702e06bc074.png\",\"thumbnailImage\":\"//thumbnail.coupangcdn.com/thumbnails/remote/48x48ex/image/vendor_inventory/fb5a/fb5ea764c43d7c2a020412c73cec0f214f004f428aa546cac702e06bc074.png\"}],\"invalid\":false,\"inventory\":null,\"itemId\":13055550171,\"itemName\":\"한미약품 추억의 텐텐 츄어블 멀티비타민 어린이 영양제 약국전용상품 40g 10정*8개 (80정), 320g, 1개\",\"limitNoticeVo\":null,\"linkedVendorItemInfo\":null,\"luxuryDiscountBenefit\":null,\"memberInfo\":null,\"offerBanner\":null,\"offerDescription\":null,\"otherSellerCount\":null,\"parentItemId\":null,\"preOrderVo\":null,\"quantityBase\":[{\"abFlags\":{\"applyExtremeProminenceFreeDeliveryMessages\":\"A\",\"jikgu1PWarrantyAB\":\"NOT_APPLICABLE\"},\"appliedCoupon\":null,\"benefitDisplayType\":null,\"bundleOption\":null,\"cashBackSummary\":null,\"delivery\":{\"badgeUrl\":null,\"company\":null,\"companyLabel\":null,\"countDownMessage\":null,\"countDownMillisecond\":null,\"delayMessage\":null,\"deliveryExtraInfo\":null,\"deliveryNotice\":null,\"deliveryReminderMessage\":null,\"descriptionBadge\":null,\"descriptionIcon\":null,\"descriptions\":\"\u003cem class='prod-txt-onyx prod-txt-font-14'\u003e모레(금) 9/26\u003c/em\u003e\u003cem class='prod-txt-onyx'\u003e 도착 예정 (판매자배송)\u003c/em\u003e\",\"extremeDescriptions\":null,\"hideQuestionMark\":false,\"logistics\":false,\"loyaltyButtonText\":null,\"rocketWowQuestionMark\":false,\"speedType\":null,\"title\":null,\"type\":\"VENDOR_DELIVERY\"},\"deliveryList\":[{\"badgeUrl\":null,\"company\":null,\"companyLabel\":null,\"countDownMessage\":null,\"countDownMillisecond\":null,\"delayMessage\":null,\"deliveryExtraInfo\":null,\"deliveryNotice\":null,\"deliveryReminderMessage\":null,\"descriptionBadge\":null,\"descriptionIcon\":null,\"descriptions\":\"\u003cem class='prod-txt-onyx prod-txt-font-14'\u003e모레(금) 9/26\u003c/em\u003e\u003cem class='prod-txt-onyx'\u003e 도착 예정 (판매자배송)\u003c/em\u003e\",\"extremeDescriptions\":null,\"hideQuestionMark\":false,\"logistics\":false,\"loyaltyButtonText\":null,\"rocketWowQuestionMark\":false,\"speedType\":null,\"title\":null,\"type\":\"VENDOR_DELIVERY\"}],\"freebieBenefit\":null,\"freebieBenefitV2\":null,\"freebiePromotions\":null,\"moduleData\":null,\"price\":{\"cashPromotionMessage\":null,\"couponDiscountAmount\":null,\"couponPrice\":\"16,460\",\"couponPriceTitle\":\"\",\"couponUnitPrice\":\"10g당 514원\",\"description\":null,\"discountRate\":null,\"finalPrice\":\"16,460\",\"gppuPricePolicy\":null,\"hasNormalCouponDiscount\":false,\"hasNormalInstantDiscount\":false,\"hasWowCouponDiscount\":false,\"hasWowInstantDiscount\":false,\"i18nCouponDiscountAmount\":null,\"i18nCouponPrice\":{\"amount\":\"16460\",\"currency\":\"KRW\",\"fractionDigits\":0,\"rawAmount\":null},\"i18nOriginPrice\":null,\"i18nPriceAmount\":null,\"i18nSalePrice\":{\"amount\":\"16460\",\"currency\":\"KRW\",\"fractionDigits\":0,\"rawAmount\":null},\"instantDiscount\":false,\"instantPriceType\":null,\"loyaltyButtonText\":null,\"loyaltyRegistrationUrl\":null,\"originPrice\":null,\"originalPriceDesc\":\"\",\"priceAmount\":null,\"salePrice\":\"16,460\",\"salePriceTitle\":\"\",\"saleUnitPrice\":\"10g당 514원\",\"title\":null,\"type\":null,\"unitDiscountRate\":null,\"unitPrice\":null,\"wowCouponDiscount\":false},\"priceList\":[{\"cashPromotionMessage\":null,\"couponDiscountAmount\":null,\"couponPrice\":null,\"couponPriceTitle\":null,\"couponUnitPrice\":null,\"description\":null,\"discountRate\":null,\"finalPrice\":null,\"gppuPricePolicy\":null,\"hasNormalCouponDiscount\":false,\"hasNormalInstantDiscount\":false,\"hasWowCouponDiscount\":false,\"hasWowInstantDiscount\":false,\"i18nCouponDiscountAmount\":null,\"i18nCouponPrice\":null,\"i18nOriginPrice\":null,\"i18nPriceAmount\":{\"amount\":\"16460\",\"currency\":\"KRW\",\"fractionDigits\":0,\"rawAmount\":null},\"i18nSalePrice\":null,\"instantDiscount\":null,\"instantPriceType\":null,\"loyaltyButtonText\":null,\"loyaltyRegistrationUrl\":null,\"originPrice\":null,\"originalPriceDesc\":null,\"priceAmount\":\"16,460\",\"salePrice\":null,\"salePriceTitle\":null,\"saleUnitPrice\":null,\"title\":\"쿠팡판매가\",\"type\":\"SALES\",\"unitDiscountRate\":null,\"unitPrice\":\"10g당 514원\",\"wowCouponDiscount\":false}],\"priceUnit\":\"원\",\"quantity\":1,\"quantityLimitationVO\":null,\"selectedIndex\":0,\"shipmentDisplayType\":\"NORMAL\",\"shippingFee\":{\"dividerIcon\":null,\"extremeMessage\":null,\"freeShippingConditionMessage\":null,\"message\":\"\u003cem class='prod-txt-bold'\u003e무료배송\u003c/em\u003e\",\"popupFreeShippingConditionMessage\":null,\"returnFeeMessage\":null,\"shippingFee\":\"0\",\"shippingFeeIcon\":null,\"shippingFeeType\":\"FREE\",\"title\":null,\"titleIcon\":null},\"shippingFeeList\":[{\"dividerIcon\":null,\"extremeMessage\":null,\"freeShippingConditionMessage\":null,\"message\":\"\u003cem class='prod-txt-bold'\u003e무료배송\u003c/em\u003e\",\"popupFreeShippingConditionMessage\":null,\"returnFeeMessage\":null,\"shippingFee\":null,\"shippingFeeIcon\":null,\"shippingFeeType\":\"FREE\",\"title\":null,\"titleIcon\":null}],\"subscriptionDelivery\":null,\"subscriptionDiscountRate\":-1,\"subscriptionPrice\":null,\"subscriptionPriceList\":[],\"wowOnlyInstantDiscountRate\":0}],\"restockNotification\":false,\"retail\":false,\"rocketLuxuryDisclaimer\":null,\"roleCode\":null,\"ruleBasedTitle\":null,\"sellingInfoVo\":null,\"shippingConsolidationLink\":null,\"soldOut\":false,\"stickBanners\":null,\"subscribeInfo\":null,\"summary\":null,\"supplier\":null,\"topSellingInfo\":null,\"used\":false,\"vendor\":null,\"vendorItemId\":91295034077,\"warrantyServiceVo\":null,\"wishList\":false},\"3162825992,1626145991\":{\"additionalData\":null,\"almostSoldOut\":false,\"apiUrlMap\":{\"addToCartUrl\":\"coupang://addCart?itemId=23914669742\u0026productId=6304732510\u0026vendorItemId=90936990809\u0026sourceType=offerDetail\u0026price=4310\u0026sdpVisitKey=\u0026isLoser=false\u0026offerStatus=NEW\",\"shippingConsolidationUrl\":\"/vp/products/6304732510/vendor-items/90936990809/shipping-consolidation-widget-v2?vendorId=A01002635\u0026shippingPlaceId=17593520\"},\"attributeTitle\":null,\"authenticity\":null,\"authors\":null,\"badgeMap\":{},\"bizBadge\":null,\"blockInfo\":null,\"bundleOption\":null,\"buyableQuantity\":2,\"cashBackSummary\":null,\"ccidEligible\":false,\"ccidInfo\":null,\"couponList\":null,\"dawnOnly\":false,\"deliveryAttribute\":false,\"discountBenefitDescription\":null,\"discountBenefitDescriptionList\":null,\"easePayment\":null,\"freshEligible\":false,\"giftcard\":false,\"globalCCIDInfo\":null,\"globalInstallmentInfo\":null,\"goldFish\":false,\"highlights\":null,\"images\":[{\"detailImage\":\"//thumbnail.coupangcdn.com/thumbnails/remote/492x492ex/image/vendor_inventory/bad2/b86ba83788b6cdc11d3f68c642004411203daa6ffe5aa955e0ef3cdeba38.jpg\",\"origin\":\"//image.coupangcdn.com/image/vendor_inventory/bad2/b86ba83788b6cdc11d3f68c642004411203daa6ffe5aa955e0ef3cdeba38.jpg\",\"preloadImage\":\"//thumbnail.coupangcdn.com/thumbnails/remote/230x230ex/image/vendor_inventory/bad2/b86ba83788b6cdc11d3f68c642004411203daa6ffe5aa955e0ef3cdeba38.jpg\",\"thumbnailImage\":\"//thumbnail.coupangcdn.com/thumbnails/remote/48x48ex/image/vendor_inventory/bad2/b86ba83788b6cdc11d3f68c642004411203daa6ffe5aa955e0ef3cdeba38.jpg\"},{\"detailImage\":\"//thumbnail.coupangcdn.com/thumbnails/remote/492x492ex/image/vendor_inventory/6df5/013e7909e6e5b92488d9ee42e22a181c87f4426c092f0d41cab831614824.jpg\",\"origin\":\"//image.coupangcdn.com/image/vendor_inventory/6df5/013e7909e6e5b92488d9ee42e22a181c87f4426c092f0d41cab831614824.jpg\",\"preloadImage\":\"//thumbnail.coupangcdn.com/thumbnails/remote/230x230ex/image/vendor_inventory/6df5/013e7909e6e5b92488d9ee42e22a181c87f4426c092f0d41cab831614824.jpg\",\"thumbnailImage\":\"//thumbnail.coupangcdn.com/thumbnails/remote/48x48ex/image/vendor_inventory/6df5/013e7909e6e5b92488d9ee42e22a181c87f4426c092f0d41cab831614824.jpg\"}],\"invalid\":false,\"inventory\":null,\"itemId\":23914669742,\"itemName\":\"한미 추억의 미니 텐텐 츄정 1봉지 10정, 40g, 1개\",\"limitNoticeVo\":null,\"linkedVendorItemInfo\":null,\"luxuryDiscountBenefit\":null,\"memberInfo\":null,\"offerBanner\":null,\"offerDescription\":null,\"otherSellerCount\":null,\"parentItemId\":null,\"preOrderVo\":null,\"quantityBase\":[{\"abFlags\":{\"applyExtremeProminenceFreeDeliveryMessages\":\"A\",\"jikgu1PWarrantyAB\":\"NOT_APPLICABLE\"},\"appliedCoupon\":null,\"benefitDisplayType\":null,\"bundleOption\":null,\"cashBackSummary\":null,\"delivery\":{\"badgeUrl\":null,\"company\":null,\"companyLabel\":null,\"countDownMessage\":null,\"countDownMillisecond\":null,\"delayMessage\":null,\"deliveryExtraInfo\":null,\"deliveryNotice\":null,\"deliveryReminderMessage\":null,\"descriptionBadge\":null,\"descriptionIcon\":null,\"descriptions\":\"\u003cem class='prod-txt-onyx prod-txt-font-14'\u003e모레(금) 9/26\u003c/em\u003e\u003cem class='prod-txt-onyx'\u003e 도착 예정 (판매자배송)\u003c/em\u003e\",\"extremeDescriptions\":null,\"hideQuestionMark\":false,\"logistics\":false,\"loyaltyButtonText\":null,\"rocketWowQuestionMark\":false,\"speedType\":null,\"title\":null,\"type\":\"VENDOR_DELIVERY\"},\"deliveryList\":[{\"badgeUrl\":null,\"company\":null,\"companyLabel\":null,\"countDownMessage\":null,\"countDownMillisecond\":null,\"delayMessage\":null,\"deliveryExtraInfo\":null,\"deliveryNotice\":null,\"deliveryReminderMessage\":null,\"descriptionBadge\":null,\"descriptionIcon\":null,\"descriptions\":\"\u003cem class='prod-txt-onyx prod-txt-font-14'\u003e모레(금) 9/26\u003c/em\u003e\u003cem class='prod-txt-onyx'\u003e 도착 예정 (판매자배송)\u003c/em\u003e\",\"extremeDescriptions\":null,\"hideQuestionMark\":false,\"logistics\":false,\"loyaltyButtonText\":null,\"rocketWowQuestionMark\":false,\"speedType\":null,\"title\":null,\"type\":\"VENDOR_DELIVERY\"}],\"freebieBenefit\":null,\"freebieBenefitV2\":null,\"freebiePromotions\":null,\"moduleData\":null,\"price\":{\"cashPromotionMessage\":null,\"couponDiscountAmount\":null,\"couponPrice\":\"4,310\",\"couponPriceTitle\":\"\",\"couponUnitPrice\":\"10g당 1,078원\",\"description\":null,\"discountRate\":null,\"finalPrice\":\"4,310\",\"gppuPricePolicy\":null,\"hasNormalCouponDiscount\":false,\"hasNormalInstantDiscount\":false,\"hasWowCouponDiscount\":false,\"hasWowInstantDiscount\":false,\"i18nCouponDiscountAmount\":null,\"i18nCouponPrice\":{\"amount\":\"4310\",\"currency\":\"KRW\",\"fractionDigits\":0,\"rawAmount\":null},\"i18nOriginPrice\":null,\"i18nPriceAmount\":null,\"i18nSalePrice\":{\"amount\":\"4310\",\"currency\":\"KRW\",\"fractionDigits\":0,\"rawAmount\":null},\"instantDiscount\":false,\"instantPriceType\":null,\"loyaltyButtonText\":null,\"loyaltyRegistrationUrl\":null,\"originPrice\":null,\"originalPriceDesc\":\"\",\"priceAmount\":null,\"salePrice\":\"4,310\",\"salePriceTitle\":\"\",\"saleUnitPrice\":\"10g당 1,078원\",\"title\":null,\"type\":null,\"unitDiscountRate\":null,\"unitPrice\":null,\"wowCouponDiscount\":false},\"priceList\":[{\"cashPromotionMessage\":null,\"couponDiscountAmount\":null,\"couponPrice\":null,\"couponPriceTitle\":null,\"couponUnitPrice\":null,\"description\":null,\"discountRate\":null,\"finalPrice\":null,\"gppuPricePolicy\":null,\"hasNormalCouponDiscount\":false,\"hasNormalInstantDiscount\":false,\"hasWowCouponDiscount\":false,\"hasWowInstantDiscount\":false,\"i18nCouponDiscountAmount\":null,\"i18nCouponPrice\":null,\"i18nOriginPrice\":null,\"i18nPriceAmount\":{\"amount\":\"4310\",\"currency\":\"KRW\",\"fractionDigits\":0,\"rawAmount\":null},\"i18nSalePrice\":null,\"instantDiscount\":null,\"instantPriceType\":null,\"loyaltyButtonText\":null,\"loyaltyRegistrationUrl\":null,\"originPrice\":null,\"originalPriceDesc\":null,\"priceAmount\":\"4,310\",\"salePrice\":null,\"salePriceTitle\":null,\"saleUnitPrice\":null,\"title\":\"쿠팡판매가\",\"type\":\"SALES\",\"unitDiscountRate\":null,\"unitPrice\":\"10g당 1,078원\",\"wowCouponDiscount\":false}],\"priceUnit\":\"원\",\"quantity\":1,\"quantityLimitationVO\":null,\"selectedIndex\":0,\"shipmentDisplayType\":\"NORMAL\",\"shippingFee\":{\"dividerIcon\":null,\"extremeMessage\":null,\"freeShippingConditionMessage\":null,\"message\":\"\u003cem class='prod-txt-bold'\u003e무료배송\u003c/em\u003e\",\"popupFreeShippingConditionMessage\":null,\"returnFeeMessage\":null,\"shippingFee\":\"0\",\"shippingFeeIcon\":null,\"shippingFeeType\":\"FREE\",\"title\":null,\"titleIcon\":null},\"shippingFeeList\":[{\"dividerIcon\":null,\"extremeMessage\":null,\"freeShippingConditionMessage\":null,\"message\":\"\u003cem class='prod-txt-bold'\u003e무료배송\u003c/em\u003e\",\"popupFreeShippingConditionMessage\":null,\"returnFeeMessage\":null,\"shippingFee\":null,\"shippingFeeIcon\":null,\"shippingFeeType\":\"FREE\",\"title\":null,\"titleIcon\":null}],\"subscriptionDelivery\":null,\"subscriptionDiscountRate\":-1,\"subscriptionPrice\":null,\"subscriptionPriceList\":[],\"wowOnlyInstantDiscountRate\":0}],\"restockNotification\":false,\"retail\":false,\"rocketLuxuryDisclaimer\":null,\"roleCode\":null,\"ruleBasedTitle\":null,\"sellingInfoVo\":null,\"shippingConsolidationLink\":null,\"soldOut\":false,\"stickBanners\":null,\"subscribeInfo\":null,\"summary\":null,\"supplier\":null,\"topSellingInfo\":null,\"used\":false,\"vendor\":null,\"vendorItemId\":90936990809,\"warrantyServiceVo\":null,\"wishList\":false},\"3162825992,1626146115\":{\"additionalData\":null,\"almostSoldOut\":false,\"apiUrlMap\":{\"addToCartUrl\":\"coupang://addCart?itemId=20936775205\u0026productId=6304732510\u0026vendorItemId=88552858899\u0026sourceType=offerDetail\u0026price=11200\u0026sdpVisitKey=\u0026isLoser=false\u0026offerStatus=NEW\",\"shippingConsolidationUrl\":\"/vp/products/6304732510/vendor-items/88552858899/shipping-consolidation-widget-v2?vendorId=A01002635\u0026shippingPlaceId=17593520\"},\"attributeTitle\":null,\"authenticity\":null,\"authors\":null,\"badgeMap\":{},\"bizBadge\":null,\"blockInfo\":null,\"bundleOption\":null,\"buyableQuantity\":2,\"cashBackSummary\":null,\"ccidEligible\":false,\"ccidInfo\":null,\"couponList\":null,\"dawnOnly\":false,\"deliveryAttribute\":false,\"discountBenefitDescription\":null,\"discountBenefitDescriptionList\":null,\"easePayment\":null,\"freshEligible\":false,\"giftcard\":false,\"globalCCIDInfo\":null,\"globalInstallmentInfo\":null,\"goldFish\":false,\"highlights\":null,\"images\":[{\"detailImage\":\"//thumbnail.coupangcdn.com/thumbnails/remote/492x492ex/image/vendor_inventory/image_audit/stage/manual/d29a6939076afcf00185ec5c500aa9453476c672a6c92b9778ca10f0189e_1754356773903.png\",\"origin\":\"//image.coupangcdn.com/image/vendor_inventory/image_audit/stage/manual/d29a6939076afcf00185ec5c500aa9453476c672a6c92b9778ca10f0189e_1754356773903.png\",\"preloadImage\":\"//thumbnail.coupangcdn.com/thumbnails/remote/230x230ex/image/vendor_inventory/image_audit/stage/manual/d29a6939076afcf00185ec5c500aa9453476c672a6c92b9778ca10f0189e_1754356773903.png\",\"thumbnailImage\":\"//thumbnail.coupangcdn.com/thumbnails/remote/48x48ex/image/vendor_inventory/image_audit/stage/manual/d29a6939076afcf00185ec5c500aa9453476c672a6c92b9778ca10f0189e_1754356773903.png\"},{\"detailImage\":\"//thumbnail.coupangcdn.com/thumbnails/remote/492x492ex/image/vendor_inventory/6df5/013e7909e6e5b92488d9ee42e22a181c87f4426c092f0d41cab831614824.jpg\",\"origin\":\"//image.coupangcdn.com/image/vendor_inventory/6df5/013e7909e6e5b92488d9ee42e22a181c87f4426c092f0d41cab831614824.jpg\",\"preloadImage\":\"//thumbnail.coupangcdn.com/thumbnails/remote/230x230ex/image/vendor_inventory/6df5/013e7909e6e5b92488d9ee42e22a181c87f4426c092f0d41cab831614824.jpg\",\"thumbnailImage\":\"//thumbnail.coupangcdn.com/thumbnails/remote/48x48ex/image/vendor_inventory/6df5/013e7909e6e5b92488d9ee42e22a181c87f4426c092f0d41cab831614824.jpg\"}],\"invalid\":false,\"inventory\":null,\"itemId\":20936775205,\"itemName\":\"한미 추억의 미니 텐텐 츄정 1봉지 10정, 40g, 5개\",\"limitNoticeVo\":null,\"linkedVendorItemInfo\":null,\"luxuryDiscountBenefit\":null,\"memberInfo\":null,\"offerBanner\":null,\"offerDescription\":null,\"otherSellerCount\":null,\"parentItemId\":null,\"preOrderVo\":null,\"quantityBase\":[{\"abFlags\":{\"applyExtremeProminenceFreeDeliveryMessages\":\"A\",\"jikgu1PWarrantyAB\":\"NOT_APPLICABLE\"},\"appliedCoupon\":null,\"benefitDisplayType\":null,\"bundleOption\":null,\"cashBackSummary\":null,\"delivery\":{\"badgeUrl\":null,\"company\":null,\"companyLabel\":null,\"countDownMessage\":null,\"countDownMillisecond\":null,\"delayMessage\":null,\"deliveryExtraInfo\":null,\"deliveryNotice\":null,\"deliveryReminderMessage\":null,\"descriptionBadge\":null,\"descriptionIcon\":null,\"descriptions\":\"\u003cem class='prod-txt-onyx prod-txt-font-14'\u003e모레(금) 9/26\u003c/em\u003e\u003cem class='prod-txt-onyx'\u003e 도착 예정 (판매자배송)\u003c/em\u003e\",\"extremeDescriptions\":null,\"hideQuestionMark\":false,\"logistics\":false,\"loyaltyButtonText\":null,\"rocketWowQuestionMark\":false,\"speedType\":null,\"title\":null,\"type\":\"VENDOR_DELIVERY\"},\"deliveryList\":[{\"badgeUrl\":null,\"company\":null,\"companyLabel\":null,\"countDownMessage\":null,\"countDownMillisecond\":null,\"delayMessage\":null,\"deliveryExtraInfo\":null,\"deliveryNotice\":null,\"deliveryReminderMessage\":null,\"descriptionBadge\":null,\"descriptionIcon\":null,\"descriptions\":\"\u003cem class='prod-txt-onyx prod-txt-font-14'\u003e모레(금) 9/26\u003c/em\u003e\u003cem class='prod-txt-onyx'\u003e 도착 예정 (판매자배송)\u003c/em\u003e\",\"extremeDescriptions\":null,\"hideQuestionMark\":false,\"logistics\":false,\"loyaltyButtonText\":null,\"rocketWowQuestionMark\":false,\"speedType\":null,\"title\":null,\"type\":\"VENDOR_DELIVERY\"}],\"freebieBenefit\":null,\"freebieBenefitV2\":null,\"freebiePromotions\":null,\"moduleData\":null,\"price\":{\"cashPromotionMessage\":null,\"couponDiscountAmount\":null,\"couponPrice\":\"11,200\",\"couponPriceTitle\":\"\",\"couponUnitPrice\":\"10g당 560원\",\"description\":null,\"discountRate\":null,\"finalPrice\":\"11,200\",\"gppuPricePolicy\":null,\"hasNormalCouponDiscount\":false,\"hasNormalInstantDiscount\":false,\"hasWowCouponDiscount\":false,\"hasWowInstantDiscount\":false,\"i18nCouponDiscountAmount\":null,\"i18nCouponPrice\":{\"amount\":\"11200\",\"currency\":\"KRW\",\"fractionDigits\":0,\"rawAmount\":null},\"i18nOriginPrice\":null,\"i18nPriceAmount\":null,\"i18nSalePrice\":{\"amount\":\"11200\",\"currency\":\"KRW\",\"fractionDigits\":0,\"rawAmount\":null},\"instantDiscount\":false,\"instantPriceType\":null,\"loyaltyButtonText\":null,\"loyaltyRegistrationUrl\":null,\"originPrice\":null,\"originalPriceDesc\":\"\",\"priceAmount\":null,\"salePrice\":\"11,200\",\"salePriceTitle\":\"\",\"saleUnitPrice\":\"10g당 560원\",\"title\":null,\"type\":null,\"unitDiscountRate\":null,\"unitPrice\":null,\"wowCouponDiscount\":false},\"priceList\":[{\"cashPromotionMessage\":null,\"couponDiscountAmount\":null,\"couponPrice\":null,\"couponPriceTitle\":null,\"couponUnitPrice\":null,\"description\":null,\"discountRate\":null,\"finalPrice\":null,\"gppuPricePolicy\":null,\"hasNormalCouponDiscount\":false,\"hasNormalInstantDiscount\":false,\"hasWowCouponDiscount\":false,\"hasWowInstantDiscount\":false,\"i18nCouponDiscountAmount\":null,\"i18nCouponPrice\":null,\"i18nOriginPrice\":null,\"i18nPriceAmount\":{\"amount\":\"11200\",\"currency\":\"KRW\",\"fractionDigits\":0,\"rawAmount\":null},\"i18nSalePrice\":null,\"instantDiscount\":null,\"instantPriceType\":null,\"loyaltyButtonText\":null,\"loyaltyRegistrationUrl\":null,\"originPrice\":null,\"originalPriceDesc\":null,\"priceAmount\":\"11,200\",\"salePrice\":null,\"salePriceTitle\":null,\"saleUnitPrice\":null,\"title\":\"쿠팡판매가\",\"type\":\"SALES\",\"unitDiscountRate\":null,\"unitPrice\":\"10g당 560원\",\"wowCouponDiscount\":false}],\"priceUnit\":\"원\",\"quantity\":1,\"quantityLimitationVO\":null,\"selectedIndex\":0,\"shipmentDisplayType\":\"NORMAL\",\"shippingFee\":{\"dividerIcon\":null,\"extremeMessage\":null,\"freeShippingConditionMessage\":null,\"message\":\"\u003cem class='prod-txt-bold'\u003e무료배송\u003c/em\u003e\",\"popupFreeShippingConditionMessage\":null,\"returnFeeMessage\":null,\"shippingFee\":\"0\",\"shippingFeeIcon\":null,\"shippingFeeType\":\"FREE\",\"title\":null,\"titleIcon\":null},\"shippingFeeList\":[{\"dividerIcon\":null,\"extremeMessage\":null,\"freeShippingConditionMessage\":null,\"message\":\"\u003cem class='prod-txt-bold'\u003e무료배송\u003c/em\u003e\",\"popupFreeShippingConditionMessage\":null,\"returnFeeMessage\":null,\"shippingFee\":null,\"shippingFeeIcon\":null,\"shippingFeeType\":\"FREE\",\"title\":null,\"titleIcon\":null}],\"subscriptionDelivery\":null,\"subscriptionDiscountRate\":-1,\"subscriptionPrice\":null,\"subscriptionPriceList\":[],\"wowOnlyInstantDiscountRate\":0}],\"restockNotification\":false,\"retail\":false,\"rocketLuxuryDisclaimer\":null,\"roleCode\":null,\"ruleBasedTitle\":null,\"sellingInfoVo\":null,\"shippingConsolidationLink\":null,\"soldOut\":false,\"stickBanners\":null,\"subscribeInfo\":null,\"summary\":null,\"supplier\":null,\"topSellingInfo\":null,\"used\":false,\"vendor\":null,\"vendorItemId\":88552858899,\"warrantyServiceVo\":null,\"wishList\":false},\"3558236187,3166106933\":{\"additionalData\":null,\"almostSoldOut\":false,\"apiUrlMap\":{\"addToCartUrl\":\"coupang://addCart?itemId=26260097852\u0026productId=6304732510\u0026vendorItemId=93238420182\u0026sourceType=offerDetail\u0026price=50900\u0026sdpVisitKey=\u0026isLoser=false\u0026offerStatus=NEW\",\"shippingConsolidationUrl\":\"/vp/products/6304732510/vendor-items/93238420182/shipping-consolidation-widget-v2?vendorId=A00498353\u0026shippingPlaceId=5174380\"},\"attributeTitle\":null,\"authenticity\":null,\"authors\":null,\"badgeMap\":{},\"bizBadge\":null,\"blockInfo\":null,\"bundleOption\":null,\"buyableQuantity\":50,\"cashBackSummary\":null,\"ccidEligible\":false,\"ccidInfo\":null,\"couponList\":null,\"dawnOnly\":false,\"deliveryAttribute\":false,\"discountBenefitDescription\":null,\"discountBenefitDescriptionList\":null,\"easePayment\":null,\"freshEligible\":false,\"giftcard\":false,\"globalCCIDInfo\":null,\"globalInstallmentInfo\":null,\"goldFish\":false,\"highlights\":null,\"images\":[{\"detailImage\":\"//thumbnail.coupangcdn.com/thumbnails/remote/492x492ex/image/vendor_inventory/b547/1ec17b477c8fc5c367a9949c95493b2b139278d4c14faa72171e55666a3d.jpg\",\"origin\":\"//image.coupangcdn.com/image/vendor_inventory/b547/1ec17b477c8fc5c367a9949c95493b2b139278d4c14faa72171e55666a3d.jpg\",\"preloadImage\":\"//thumbnail.coupangcdn.com/thumbnails/remote/230x230ex/image/vendor_inventory/b547/1ec17b477c8fc5c367a9949c95493b2b139278d4c14faa72171e55666a3d.jpg\",\"thumbnailImage\":\"//thumbnail.coupangcdn.com/thumbnails/remote/48x48ex/image/vendor_inventory/b547/1ec17b477c8fc5c367a9949c95493b2b139278d4c14faa72171e55666a3d.jpg\"}],\"invalid\":false,\"inventory\":null,\"itemId\":26260097852,\"itemName\":\"대용량 미니 추억의 텐텐 딸기맛 츄정 어린이 종합비타민 키즈 멀티비타민, 120g, 1세트\",\"limitNoticeVo\":null,\"linkedVendorItemInfo\":null,\"luxuryDiscountBenefit\":null,\"memberInfo\":null,\"offerBanner\":null,\"offerDescription\":null,\"otherSellerCount\":null,\"parentItemId\":null,\"preOrderVo\":null,\"quantityBase\":[{\"abFlags\":{\"applyExtremeProminenceFreeDeliveryMessages\":\"A\",\"jikgu1PWarrantyAB\":\"NOT_APPLICABLE\"},\"appliedCoupon\":null,\"benefitDisplayType\":null,\"bundleOption\":null,\"cashBackSummary\":null,\"delivery\":{\"badgeUrl\":null,\"company\":null,\"companyLabel\":null,\"countDownMessage\":null,\"countDownMillisecond\":null,\"delayMessage\":null,\"deliveryExtraInfo\":null,\"deliveryNotice\":null,\"deliveryReminderMessage\":null,\"descriptionBadge\":null,\"descriptionIcon\":null,\"descriptions\":\"\u003cem class='prod-txt-onyx prod-txt-font-14'\u003e모레(금) 9/26\u003c/em\u003e\u003cem class='prod-txt-onyx'\u003e 도착 예정 (판매자배송)\u003c/em\u003e\",\"extremeDescriptions\":null,\"hideQuestionMark\":false,\"logistics\":false,\"loyaltyButtonText\":null,\"rocketWowQuestionMark\":false,\"speedType\":null,\"title\":null,\"type\":\"VENDOR_DELIVERY\"},\"deliveryList\":[{\"badgeUrl\":null,\"company\":null,\"companyLabel\":null,\"countDownMessage\":null,\"countDownMillisecond\":null,\"delayMessage\":null,\"deliveryExtraInfo\":null,\"deliveryNotice\":null,\"deliveryReminderMessage\":null,\"descriptionBadge\":null,\"descriptionIcon\":null,\"descriptions\":\"\u003cem class='prod-txt-onyx prod-txt-font-14'\u003e모레(금) 9/26\u003c/em\u003e\u003cem class='prod-txt-onyx'\u003e 도착 예정 (판매자배송)\u003c/em\u003e\",\"extremeDescriptions\":null,\"hideQuestionMark\":false,\"logistics\":false,\"loyaltyButtonText\":null,\"rocketWowQuestionMark\":false,\"speedType\":null,\"title\":null,\"type\":\"VENDOR_DELIVERY\"}],\"freebieBenefit\":null,\"freebieBenefitV2\":null,\"freebiePromotions\":null,\"moduleData\":null,\"price\":{\"cashPromotionMessage\":null,\"couponDiscountAmount\":null,\"couponPrice\":\"50,900\",\"couponPriceTitle\":\"\",\"couponUnitPrice\":\"10g당 4,242원\",\"description\":null,\"discountRate\":\"27\",\"finalPrice\":\"50,900\",\"gppuPricePolicy\":[{\"description\":\"업체의 권장소비자가 또는 공식 판매처 판매가 또는 도서 정가(도서 정가제 대상인 경우)입니다. 해당 가격이 없는 경우 90일 내 쿠팡에서 판매된 가격 중 가장 높은 가격을 표시합니다.\",\"priceInfo\":\"\u003cspan class='discount-rate'\u003e27%\u003c/span\u003e\u003cspan class='origin-price'\u003e70,000원\u003c/span\u003e\"}],\"hasNormalCouponDiscount\":false,\"hasNormalInstantDiscount\":false,\"hasWowCouponDiscount\":false,\"hasWowInstantDiscount\":false,\"i18nCouponDiscountAmount\":null,\"i18nCouponPrice\":{\"amount\":\"50900\",\"currency\":\"KRW\",\"fractionDigits\":0,\"rawAmount\":null},\"i18nOriginPrice\":{\"amount\":\"70000\",\"currency\":\"KRW\",\"fractionDigits\":0,\"rawAmount\":null},\"i18nPriceAmount\":null,\"i18nSalePrice\":{\"amount\":\"50900\",\"currency\":\"KRW\",\"fractionDigits\":0,\"rawAmount\":null},\"instantDiscount\":false,\"instantPriceType\":null,\"loyaltyButtonText\":null,\"loyaltyRegistrationUrl\":null,\"originPrice\":\"70,000\",\"originalPriceDesc\":null,\"priceAmount\":null,\"salePrice\":\"50,900\",\"salePriceTitle\":\"\",\"saleUnitPrice\":\"10g당 4,242원\",\"title\":null,\"type\":null,\"unitDiscountRate\":null,\"unitPrice\":null,\"wowCouponDiscount\":false},\"priceList\":[{\"cashPromotionMessage\":null,\"couponDiscountAmount\":null,\"couponPrice\":null,\"couponPriceTitle\":null,\"couponUnitPrice\":null,\"description\":null,\"discountRate\":null,\"finalPrice\":null,\"gppuPricePolicy\":null,\"hasNormalCouponDiscount\":false,\"hasNormalInstantDiscount\":false,\"hasWowCouponDiscount\":false,\"hasWowInstantDiscount\":false,\"i18nCouponDiscountAmount\":null,\"i18nCouponPrice\":null,\"i18nOriginPrice\":null,\"i18nPriceAmount\":{\"amount\":\"50900\",\"currency\":\"KRW\",\"fractionDigits\":0,\"rawAmount\":null},\"i18nSalePrice\":null,\"instantDiscount\":null,\"instantPriceType\":null,\"loyaltyButtonText\":null,\"loyaltyRegistrationUrl\":null,\"originPrice\":null,\"originalPriceDesc\":null,\"priceAmount\":\"50,900\",\"salePrice\":null,\"salePriceTitle\":null,\"saleUnitPrice\":null,\"title\":\"쿠팡판매가\",\"type\":\"SALES\",\"unitDiscountRate\":null,\"unitPrice\":\"10g당 4,242원\",\"wowCouponDiscount\":false}],\"priceUnit\":\"원\",\"quantity\":1,\"quantityLimitationVO\":null,\"selectedIndex\":0,\"shipmentDisplayType\":\"NORMAL\",\"shippingFee\":{\"dividerIcon\":null,\"extremeMessage\":null,\"freeShippingConditionMessage\":null,\"message\":\"\u003cem class='prod-txt-bold'\u003e무료배송\u003c/em\u003e\",\"popupFreeShippingConditionMessage\":null,\"returnFeeMessage\":null,\"shippingFee\":\"0\",\"shippingFeeIcon\":null,\"shippingFeeType\":\"FREE\",\"title\":null,\"titleIcon\":null},\"shippingFeeList\":[{\"dividerIcon\":null,\"extremeMessage\":null,\"freeShippingConditionMessage\":null,\"message\":\"\u003cem class='prod-txt-bold'\u003e무료배송\u003c/em\u003e\",\"popupFreeShippingConditionMessage\":null,\"returnFeeMessage\":null,\"shippingFee\":null,\"shippingFeeIcon\":null,\"shippingFeeType\":\"FREE\",\"title\":null,\"titleIcon\":null}],\"subscriptionDelivery\":null,\"subscriptionDiscountRate\":-1,\"subscriptionPrice\":null,\"subscriptionPriceList\":[],\"wowOnlyInstantDiscountRate\":0}],\"restockNotification\":false,\"retail\":false,\"rocketLuxuryDisclaimer\":null,\"roleCode\":null,\"ruleBasedTitle\":null,\"sellingInfoVo\":null,\"shippingConsolidationLink\":null,\"soldOut\":false,\"stickBanners\":null,\"subscribeInfo\":null,\"summary\":null,\"supplier\":null,\"topSellingInfo\":null,\"used\":false,\"vendor\":null,\"vendorItemId\":93238420182,\"warrantyServiceVo\":null,\"wishList\":false},\"3162825992,1626146208\":{\"additionalData\":null,\"almostSoldOut\":false,\"apiUrlMap\":{\"addToCartUrl\":\"coupang://addCart?itemId=26062977015\u0026productId=6304732510\u0026vendorItemId=93044233793\u0026sourceType=offerDetail\u0026price=16950\u0026sdpVisitKey=\u0026isLoser=false\u0026offerStatus=NEW\",\"shippingConsolidationUrl\":\"/vp/products/6304732510/vendor-items/93044233793/shipping-consolidation-widget-v2?vendorId=A01002635\u0026shippingPlaceId=17593520\"},\"attributeTitle\":null,\"authenticity\":null,\"authors\":null,\"badgeMap\":{},\"bizBadge\":null,\"blockInfo\":null,\"bundleOption\":null,\"buyableQuantity\":2,\"cashBackSummary\":null,\"ccidEligible\":false,\"ccidInfo\":null,\"couponList\":null,\"dawnOnly\":false,\"deliveryAttribute\":false,\"discountBenefitDescription\":null,\"discountBenefitDescriptionList\":null,\"easePayment\":null,\"freshEligible\":false,\"giftcard\":false,\"globalCCIDInfo\":null,\"globalInstallmentInfo\":null,\"goldFish\":false,\"highlights\":null,\"images\":[{\"detailImage\":\"//thumbnail.coupangcdn.com/thumbnails/remote/492x492ex/image/vendor_inventory/3fca/d29a6939076afcf00185ec5c500aa9453476c672a6c92b9778ca10f0189e.png\",\"origin\":\"//image.coupangcdn.com/image/vendor_inventory/3fca/d29a6939076afcf00185ec5c500aa9453476c672a6c92b9778ca10f0189e.png\",\"preloadImage\":\"//thumbnail.coupangcdn.com/thumbnails/remote/230x230ex/image/vendor_inventory/3fca/d29a6939076afcf00185ec5c500aa9453476c672a6c92b9778ca10f0189e.png\",\"thumbnailImage\":\"//thumbnail.coupangcdn.com/thumbnails/remote/48x48ex/image/vendor_inventory/3fca/d29a6939076afcf00185ec5c500aa9453476c672a6c92b9778ca10f0189e.png\"},{\"detailImage\":\"//thumbnail.coupangcdn.com/thumbnails/remote/492x492ex/image/vendor_inventory/3fca/d29a6939076afcf00185ec5c500aa9453476c672a6c92b9778ca10f0189e.png\",\"origin\":\"//image.coupangcdn.com/image/vendor_inventory/3fca/d29a6939076afcf00185ec5c500aa9453476c672a6c92b9778ca10f0189e.png\",\"preloadImage\":\"//thumbnail.coupangcdn.com/thumbnails/remote/230x230ex/image/vendor_inventory/3fca/d29a6939076afcf00185ec5c500aa9453476c672a6c92b9778ca10f0189e.png\",\"thumbnailImage\":\"//thumbnail.coupangcdn.com/thumbnails/remote/48x48ex/image/vendor_inventory/3fca/d29a6939076afcf00185ec5c500aa9453476c672a6c92b9778ca10f0189e.png\"}],\"invalid\":false,\"inventory\":null,\"itemId\":26062977015,\"itemName\":\"한미 추억의 미니 텐텐 츄정 1봉지 10정, 40g, 8개\",\"limitNoticeVo\":null,\"linkedVendorItemInfo\":null,\"luxuryDiscountBenefit\":null,\"memberInfo\":null,\"offerBanner\":null,\"offerDescription\":null,\"otherSellerCount\":null,\"parentItemId\":null,\"preOrderVo\":null,\"quantityBase\":[{\"abFlags\":{\"applyExtremeProminenceFreeDeliveryMessages\":\"A\",\"jikgu1PWarrantyAB\":\"NOT_APPLICABLE\"},\"appliedCoupon\":null,\"benefitDisplayType\":null,\"bundleOption\":null,\"cashBackSummary\":null,\"delivery\":{\"badgeUrl\":null,\"company\":null,\"companyLabel\":null,\"countDownMessage\":null,\"countDownMillisecond\":null,\"delayMessage\":null,\"deliveryExtraInfo\":null,\"deliveryNotice\":null,\"deliveryReminderMessage\":null,\"descriptionBadge\":null,\"descriptionIcon\":null,\"descriptions\":\"\u003cem class='prod-txt-onyx prod-txt-font-14'\u003e모레(금) 9/26\u003c/em\u003e\u003cem class='prod-txt-onyx'\u003e 도착 예정 (판매자배송)\u003c/em\u003e\",\"extremeDescriptions\":null,\"hideQuestionMark\":false,\"logistics\":false,\"loyaltyButtonText\":null,\"rocketWowQuestionMark\":false,\"speedType\":null,\"title\":null,\"type\":\"VENDOR_DELIVERY\"},\"deliveryList\":[{\"badgeUrl\":null,\"company\":null,\"companyLabel\":null,\"countDownMessage\":null,\"countDownMillisecond\":null,\"delayMessage\":null,\"deliveryExtraInfo\":null,\"deliveryNotice\":null,\"deliveryReminderMessage\":null,\"descriptionBadge\":null,\"descriptionIcon\":null,\"descriptions\":\"\u003cem class='prod-txt-onyx prod-txt-font-14'\u003e모레(금) 9/26\u003c/em\u003e\u003cem class='prod-txt-onyx'\u003e 도착 예정 (판매자배송)\u003c/em\u003e\",\"extremeDescriptions\":null,\"hideQuestionMark\":false,\"logistics\":false,\"loyaltyButtonText\":null,\"rocketWowQuestionMark\":false,\"speedType\":null,\"title\":null,\"type\":\"VENDOR_DELIVERY\"}],\"freebieBenefit\":null,\"freebieBenefitV2\":null,\"freebiePromotions\":null,\"moduleData\":null,\"price\":{\"cashPromotionMessage\":null,\"couponDiscountAmount\":null,\"couponPrice\":\"16,950\",\"couponPriceTitle\":\"\",\"couponUnitPrice\":\"10g당 530원\",\"description\":null,\"discountRate\":null,\"finalPrice\":\"16,950\",\"gppuPricePolicy\":null,\"hasNormalCouponDiscount\":false,\"hasNormalInstantDiscount\":false,\"hasWowCouponDiscount\":false,\"hasWowInstantDiscount\":false,\"i18nCouponDiscountAmount\":null,\"i18nCouponPrice\":{\"amount\":\"16950\",\"currency\":\"KRW\",\"fractionDigits\":0,\"rawAmount\":null},\"i18nOriginPrice\":null,\"i18nPriceAmount\":null,\"i18nSalePrice\":{\"amount\":\"16950\",\"currency\":\"KRW\",\"fractionDigits\":0,\"rawAmount\":null},\"instantDiscount\":false,\"instantPriceType\":null,\"loyaltyButtonText\":null,\"loyaltyRegistrationUrl\":null,\"originPrice\":null,\"originalPriceDesc\":\"\",\"priceAmount\":null,\"salePrice\":\"16,950\",\"salePriceTitle\":\"\",\"saleUnitPrice\":\"10g당 530원\",\"title\":null,\"type\":null,\"unitDiscountRate\":null,\"unitPrice\":null,\"wowCouponDiscount\":false},\"priceList\":[{\"cashPromotionMessage\":null,\"couponDiscountAmount\":null,\"couponPrice\":null,\"couponPriceTitle\":null,\"couponUnitPrice\":null,\"description\":null,\"discountRate\":null,\"finalPrice\":null,\"gppuPricePolicy\":null,\"hasNormalCouponDiscount\":false,\"hasNormalInstantDiscount\":false,\"hasWowCouponDiscount\":false,\"hasWowInstantDiscount\":false,\"i18nCouponDiscountAmount\":null,\"i18nCouponPrice\":null,\"i18nOriginPrice\":null,\"i18nPriceAmount\":{\"amount\":\"16950\",\"currency\":\"KRW\",\"fractionDigits\":0,\"rawAmount\":null},\"i18nSalePrice\":null,\"instantDiscount\":null,\"instantPriceType\":null,\"loyaltyButtonText\":null,\"loyaltyRegistrationUrl\":null,\"originPrice\":null,\"originalPriceDesc\":null,\"priceAmount\":\"16,950\",\"salePrice\":null,\"salePriceTitle\":null,\"saleUnitPrice\":null,\"title\":\"쿠팡판매가\",\"type\":\"SALES\",\"unitDiscountRate\":null,\"unitPrice\":\"10g당 530원\",\"wowCouponDiscount\":false}],\"priceUnit\":\"원\",\"quantity\":1,\"quantityLimitationVO\":null,\"selectedIndex\":0,\"shipmentDisplayType\":\"NORMAL\",\"shippingFee\":{\"dividerIcon\":null,\"extremeMessage\":null,\"freeShippingConditionMessage\":null,\"message\":\"\u003cem class='prod-txt-bold'\u003e무료배송\u003c/em\u003e\",\"popupFreeShippingConditionMessage\":null,\"returnFeeMessage\":null,\"shippingFee\":\"0\",\"shippingFeeIcon\":null,\"shippingFeeType\":\"FREE\",\"title\":null,\"titleIcon\":null},\"shippingFeeList\":[{\"dividerIcon\":null,\"extremeMessage\":null,\"freeShippingConditionMessage\":null,\"message\":\"\u003cem class='prod-txt-bold'\u003e무료배송\u003c/em\u003e\",\"popupFreeShippingConditionMessage\":null,\"returnFeeMessage\":null,\"shippingFee\":null,\"shippingFeeIcon\":null,\"shippingFeeType\":\"FREE\",\"title\":null,\"titleIcon\":null}],\"subscriptionDelivery\":null,\"subscriptionDiscountRate\":-1,\"subscriptionPrice\":null,\"subscriptionPriceList\":[],\"wowOnlyInstantDiscountRate\":0}],\"restockNotification\":false,\"retail\":false,\"rocketLuxuryDisclaimer\":null,\"roleCode\":null,\"ruleBasedTitle\":null,\"sellingInfoVo\":null,\"shippingConsolidationLink\":null,\"soldOut\":false,\"stickBanners\":null,\"subscribeInfo\":null,\"summary\":null,\"supplier\":null,\"topSellingInfo\":null,\"used\":false,\"vendor\":null,\"vendorItemId\":93044233793,\"warrantyServiceVo\":null,\"wishList\":false},\"3162825992,3164565153\":{\"additionalData\":null,\"almostSoldOut\":false,\"apiUrlMap\":{\"addToCartUrl\":\"coupang://addCart?itemId=25202344310\u0026productId=6304732510\u0026vendorItemId=91342796007\u0026sourceType=offerDetail\u0026price=21170\u0026sdpVisitKey=\u0026isLoser=false\u0026offerStatus=NEW\",\"shippingConsolidationUrl\":\"/vp/products/6304732510/vendor-items/91342796007/shipping-consolidation-widget-v2?vendorId=A01002635\u0026shippingPlaceId=17593520\"},\"attributeTitle\":null,\"authenticity\":null,\"authors\":null,\"badgeMap\":{},\"bizBadge\":null,\"blockInfo\":null,\"bundleOption\":null,\"buyableQuantity\":2,\"cashBackSummary\":null,\"ccidEligible\":false,\"ccidInfo\":null,\"couponList\":null,\"dawnOnly\":false,\"deliveryAttribute\":false,\"discountBenefitDescription\":null,\"discountBenefitDescriptionList\":null,\"easePayment\":null,\"freshEligible\":false,\"giftcard\":false,\"globalCCIDInfo\":null,\"globalInstallmentInfo\":null,\"goldFish\":false,\"highlights\":null,\"images\":[{\"detailImage\":\"//thumbnail.coupangcdn.com/thumbnails/remote/492x492ex/image/vendor_inventory/3fca/d29a6939076afcf00185ec5c500aa9453476c672a6c92b9778ca10f0189e.png\",\"origin\":\"//image.coupangcdn.com/image/vendor_inventory/3fca/d29a6939076afcf00185ec5c500aa9453476c672a6c92b9778ca10f0189e.png\",\"preloadImage\":\"//thumbnail.coupangcdn.com/thumbnails/remote/230x230ex/image/vendor_inventory/3fca/d29a6939076afcf00185ec5c500aa9453476c672a6c92b9778ca10f0189e.png\",\"thumbnailImage\":\"//thumbnail.coupangcdn.com/thumbnails/remote/48x48ex/image/vendor_inventory/3fca/d29a6939076afcf00185ec5c500aa9453476c672a6c92b9778ca10f0189e.png\"},{\"detailImage\":\"//thumbnail.coupangcdn.com/thumbnails/remote/492x492ex/image/vendor_inventory/6df5/013e7909e6e5b92488d9ee42e22a181c87f4426c092f0d41cab831614824.jpg\",\"origin\":\"//image.coupangcdn.com/image/vendor_inventory/6df5/013e7909e6e5b92488d9ee42e22a181c87f4426c092f0d41cab831614824.jpg\",\"preloadImage\":\"//thumbnail.coupangcdn.com/thumbnails/remote/230x230ex/image/vendor_inventory/6df5/013e7909e6e5b92488d9ee42e22a181c87f4426c092f0d41cab831614824.jpg\",\"thumbnailImage\":\"//thumbnail.coupangcdn.com/thumbnails/remote/48x48ex/image/vendor_inventory/6df5/013e7909e6e5b92488d9ee42e22a181c87f4426c092f0d41cab831614824.jpg\"}],\"invalid\":false,\"inventory\":null,\"itemId\":25202344310,\"itemName\":\"한미 추억의 미니 텐텐 츄정 1봉지 10정, 40g, 10개\",\"limitNoticeVo\":null,\"linkedVendorItemInfo\":null,\"luxuryDiscountBenefit\":null,\"memberInfo\":null,\"offerBanner\":null,\"offerDescription\":null,\"otherSellerCount\":null,\"parentItemId\":null,\"preOrderVo\":null,\"quantityBase\":[{\"abFlags\":{\"applyExtremeProminenceFreeDeliveryMessages\":\"A\",\"jikgu1PWarrantyAB\":\"NOT_APPLICABLE\"},\"appliedCoupon\":null,\"benefitDisplayType\":null,\"bundleOption\":null,\"cashBackSummary\":null,\"delivery\":{\"badgeUrl\":null,\"company\":null,\"companyLabel\":null,\"countDownMessage\":null,\"countDownMillisecond\":null,\"delayMessage\":null,\"deliveryExtraInfo\":null,\"deliveryNotice\":null,\"deliveryReminderMessage\":null,\"descriptionBadge\":null,\"descriptionIcon\":null,\"descriptions\":\"\u003cem class='prod-txt-onyx prod-txt-font-14'\u003e모레(금) 9/26\u003c/em\u003e\u003cem class='prod-txt-onyx'\u003e 도착 예정 (판매자배송)\u003c/em\u003e\",\"extremeDescriptions\":null,\"hideQuestionMark\":false,\"logistics\":false,\"loyaltyButtonText\":null,\"rocketWowQuestionMark\":false,\"speedType\":null,\"title\":null,\"type\":\"VENDOR_DELIVERY\"},\"deliveryList\":[{\"badgeUrl\":null,\"company\":null,\"companyLabel\":null,\"countDownMessage\":null,\"countDownMillisecond\":null,\"delayMessage\":null,\"deliveryExtraInfo\":null,\"deliveryNotice\":null,\"deliveryReminderMessage\":null,\"descriptionBadge\":null,\"descriptionIcon\":null,\"descriptions\":\"\u003cem class='prod-txt-onyx prod-txt-font-14'\u003e모레(금) 9/26\u003c/em\u003e\u003cem class='prod-txt-onyx'\u003e 도착 예정 (판매자배송)\u003c/em\u003e\",\"extremeDescriptions\":null,\"hideQuestionMark\":false,\"logistics\":false,\"loyaltyButtonText\":null,\"rocketWowQuestionMark\":false,\"speedType\":null,\"title\":null,\"type\":\"VENDOR_DELIVERY\"}],\"freebieBenefit\":null,\"freebieBenefitV2\":null,\"freebiePromotions\":null,\"moduleData\":null,\"price\":{\"cashPromotionMessage\":null,\"couponDiscountAmount\":null,\"couponPrice\":\"21,170\",\"couponPriceTitle\":\"\",\"couponUnitPrice\":\"10g당 529원\",\"description\":null,\"discountRate\":null,\"finalPrice\":\"21,170\",\"gppuPricePolicy\":null,\"hasNormalCouponDiscount\":false,\"hasNormalInstantDiscount\":false,\"hasWowCouponDiscount\":false,\"hasWowInstantDiscount\":false,\"i18nCouponDiscountAmount\":null,\"i18nCouponPrice\":{\"amount\":\"21170\",\"currency\":\"KRW\",\"fractionDigits\":0,\"rawAmount\":null},\"i18nOriginPrice\":null,\"i18nPriceAmount\":null,\"i18nSalePrice\":{\"amount\":\"21170\",\"currency\":\"KRW\",\"fractionDigits\":0,\"rawAmount\":null},\"instantDiscount\":false,\"instantPriceType\":null,\"loyaltyButtonText\":null,\"loyaltyRegistrationUrl\":null,\"originPrice\":null,\"originalPriceDesc\":\"\",\"priceAmount\":null,\"salePrice\":\"21,170\",\"salePriceTitle\":\"\",\"saleUnitPrice\":\"10g당 529원\",\"title\":null,\"type\":null,\"unitDiscountRate\":null,\"unitPrice\":null,\"wowCouponDiscount\":false},\"priceList\":[{\"cashPromotionMessage\":null,\"couponDiscountAmount\":null,\"couponPrice\":null,\"couponPriceTitle\":null,\"couponUnitPrice\":null,\"description\":null,\"discountRate\":null,\"finalPrice\":null,\"gppuPricePolicy\":null,\"hasNormalCouponDiscount\":false,\"hasNormalInstantDiscount\":false,\"hasWowCouponDiscount\":false,\"hasWowInstantDiscount\":false,\"i18nCouponDiscountAmount\":null,\"i18nCouponPrice\":null,\"i18nOriginPrice\":null,\"i18nPriceAmount\":{\"amount\":\"21170\",\"currency\":\"KRW\",\"fractionDigits\":0,\"rawAmount\":null},\"i18nSalePrice\":null,\"instantDiscount\":null,\"instantPriceType\":null,\"loyaltyButtonText\":null,\"loyaltyRegistrationUrl\":null,\"originPrice\":null,\"originalPriceDesc\":null,\"priceAmount\":\"21,170\",\"salePrice\":null,\"salePriceTitle\":null,\"saleUnitPrice\":null,\"title\":\"쿠팡판매가\",\"type\":\"SALES\",\"unitDiscountRate\":null,\"unitPrice\":\"10g당 529원\",\"wowCouponDiscount\":false}],\"priceUnit\":\"원\",\"quantity\":1,\"quantityLimitationVO\":null,\"selectedIndex\":0,\"shipmentDisplayType\":\"NORMAL\",\"shippingFee\":{\"dividerIcon\":null,\"extremeMessage\":null,\"freeShippingConditionMessage\":null,\"message\":\"\u003cem class='prod-txt-bold'\u003e무료배송\u003c/em\u003e\",\"popupFreeShippingConditionMessage\":null,\"returnFeeMessage\":null,\"shippingFee\":\"0\",\"shippingFeeIcon\":null,\"shippingFeeType\":\"FREE\",\"title\":null,\"titleIcon\":null},\"shippingFeeList\":[{\"dividerIcon\":null,\"extremeMessage\":null,\"freeShippingConditionMessage\":null,\"message\":\"\u003cem class='prod-txt-bold'\u003e무료배송\u003c/em\u003e\",\"popupFreeShippingConditionMessage\":null,\"returnFeeMessage\":null,\"shippingFee\":null,\"shippingFeeIcon\":null,\"shippingFeeType\":\"FREE\",\"title\":null,\"titleIcon\":null}],\"subscriptionDelivery\":null,\"subscriptionDiscountRate\":-1,\"subscriptionPrice\":null,\"subscriptionPriceList\":[],\"wowOnlyInstantDiscountRate\":0}],\"restockNotification\":false,\"retail\":false,\"rocketLuxuryDisclaimer\":null,\"roleCode\":null,\"ruleBasedTitle\":null,\"sellingInfoVo\":null,\"shippingConsolidationLink\":null,\"soldOut\":false,\"stickBanners\":null,\"subscribeInfo\":null,\"summary\":null,\"supplier\":null,\"topSellingInfo\":null,\"used\":false,\"vendor\":null,\"vendorItemId\":91342796007,\"warrantyServiceVo\":null,\"wishList\":false},\"3162825992,3164566238\":{\"additionalData\":null,\"almostSoldOut\":false,\"apiUrlMap\":{\"addToCartUrl\":\"coupang://addCart?itemId=21366987476\u0026productId=6304732510\u0026vendorItemId=93140287325\u0026sourceType=offerDetail\u0026price=46590\u0026sdpVisitKey=\u0026isLoser=false\u0026offerStatus=NEW\",\"shippingConsolidationUrl\":\"/vp/products/6304732510/vendor-items/93140287325/shipping-consolidation-widget-v2?vendorId=A01002635\u0026shippingPlaceId=17593520\"},\"attributeTitle\":null,\"authenticity\":null,\"authors\":null,\"badgeMap\":{},\"bizBadge\":null,\"blockInfo\":null,\"bundleOption\":null,\"buyableQuantity\":2,\"cashBackSummary\":null,\"ccidEligible\":false,\"ccidInfo\":null,\"couponList\":null,\"dawnOnly\":false,\"deliveryAttribute\":false,\"discountBenefitDescription\":null,\"discountBenefitDescriptionList\":null,\"easePayment\":null,\"freshEligible\":false,\"giftcard\":false,\"globalCCIDInfo\":null,\"globalInstallmentInfo\":null,\"goldFish\":false,\"highlights\":null,\"images\":[{\"detailImage\":\"//thumbnail.coupangcdn.com/thumbnails/remote/492x492ex/image/vendor_inventory/image_audit/stage/manual/d29a6939076afcf00185ec5c500aa9453476c672a6c92b9778ca10f0189e_1754355818745.png\",\"origin\":\"//image.coupangcdn.com/image/vendor_inventory/image_audit/stage/manual/d29a6939076afcf00185ec5c500aa9453476c672a6c92b9778ca10f0189e_1754355818745.png\",\"preloadImage\":\"//thumbnail.coupangcdn.com/thumbnails/remote/230x230ex/image/vendor_inventory/image_audit/stage/manual/d29a6939076afcf00185ec5c500aa9453476c672a6c92b9778ca10f0189e_1754355818745.png\",\"thumbnailImage\":\"//thumbnail.coupangcdn.com/thumbnails/remote/48x48ex/image/vendor_inventory/image_audit/stage/manual/d29a6939076afcf00185ec5c500aa9453476c672a6c92b9778ca10f0189e_1754355818745.png\"},{\"detailImage\":\"//thumbnail.coupangcdn.com/thumbnails/remote/492x492ex/image/vendor_inventory/3fca/d29a6939076afcf00185ec5c500aa9453476c672a6c92b9778ca10f0189e.png\",\"origin\":\"//image.coupangcdn.com/image/vendor_inventory/3fca/d29a6939076afcf00185ec5c500aa9453476c672a6c92b9778ca10f0189e.png\",\"preloadImage\":\"//thumbnail.coupangcdn.com/thumbnails/remote/230x230ex/image/vendor_inventory/3fca/d29a6939076afcf00185ec5c500aa9453476c672a6c92b9778ca10f0189e.png\",\"thumbnailImage\":\"//thumbnail.coupangcdn.com/thumbnails/remote/48x48ex/image/vendor_inventory/3fca/d29a6939076afcf00185ec5c500aa9453476c672a6c92b9778ca10f0189e.png\"}],\"invalid\":false,\"inventory\":null,\"itemId\":21366987476,\"itemName\":\"한미 추억의 텐텐 츄정, 40g, 24개\",\"limitNoticeVo\":null,\"linkedVendorItemInfo\":null,\"luxuryDiscountBenefit\":null,\"memberInfo\":null,\"offerBanner\":null,\"offerDescription\":null,\"otherSellerCount\":null,\"parentItemId\":null,\"preOrderVo\":null,\"quantityBase\":[{\"abFlags\":{\"applyExtremeProminenceFreeDeliveryMessages\":\"A\",\"jikgu1PWarrantyAB\":\"NOT_APPLICABLE\"},\"appliedCoupon\":null,\"benefitDisplayType\":null,\"bundleOption\":null,\"cashBackSummary\":null,\"delivery\":{\"badgeUrl\":null,\"company\":null,\"companyLabel\":null,\"countDownMessage\":null,\"countDownMillisecond\":null,\"delayMessage\":null,\"deliveryExtraInfo\":null,\"deliveryNotice\":null,\"deliveryReminderMessage\":null,\"descriptionBadge\":null,\"descriptionIcon\":null,\"descriptions\":\"\u003cem class='prod-txt-onyx prod-txt-font-14'\u003e모레(금) 9/26\u003c/em\u003e\u003cem class='prod-txt-onyx'\u003e 도착 예정 (판매자배송)\u003c/em\u003e\",\"extremeDescriptions\":null,\"hideQuestionMark\":false,\"logistics\":false,\"loyaltyButtonText\":null,\"rocketWowQuestionMark\":false,\"speedType\":null,\"title\":null,\"type\":\"VENDOR_DELIVERY\"},\"deliveryList\":[{\"badgeUrl\":null,\"company\":null,\"companyLabel\":null,\"countDownMessage\":null,\"countDownMillisecond\":null,\"delayMessage\":null,\"deliveryExtraInfo\":null,\"deliveryNotice\":null,\"deliveryReminderMessage\":null,\"descriptionBadge\":null,\"descriptionIcon\":null,\"descriptions\":\"\u003cem class='prod-txt-onyx prod-txt-font-14'\u003e모레(금) 9/26\u003c/em\u003e\u003cem class='prod-txt-onyx'\u003e 도착 예정 (판매자배송)\u003c/em\u003e\",\"extremeDescriptions\":null,\"hideQuestionMark\":false,\"logistics\":false,\"loyaltyButtonText\":null,\"rocketWowQuestionMark\":false,\"speedType\":null,\"title\":null,\"type\":\"VENDOR_DELIVERY\"}],\"freebieBenefit\":null,\"freebieBenefitV2\":null,\"freebiePromotions\":null,\"moduleData\":null,\"price\":{\"cashPromotionMessage\":null,\"couponDiscountAmount\":null,\"couponPrice\":\"46,590\",\"couponPriceTitle\":\"\",\"couponUnitPrice\":\"10g당 485원\",\"description\":null,\"discountRate\":null,\"finalPrice\":\"46,590\",\"gppuPricePolicy\":null,\"hasNormalCouponDiscount\":false,\"hasNormalInstantDiscount\":false,\"hasWowCouponDiscount\":false,\"hasWowInstantDiscount\":false,\"i18nCouponDiscountAmount\":null,\"i18nCouponPrice\":{\"amount\":\"46590\",\"currency\":\"KRW\",\"fractionDigits\":0,\"rawAmount\":null},\"i18nOriginPrice\":null,\"i18nPriceAmount\":null,\"i18nSalePrice\":{\"amount\":\"46590\",\"currency\":\"KRW\",\"fractionDigits\":0,\"rawAmount\":null},\"instantDiscount\":false,\"instantPriceType\":null,\"loyaltyButtonText\":null,\"loyaltyRegistrationUrl\":null,\"originPrice\":null,\"originalPriceDesc\":\"\",\"priceAmount\":null,\"salePrice\":\"46,590\",\"salePriceTitle\":\"\",\"saleUnitPrice\":\"10g당 485원\",\"title\":null,\"type\":null,\"unitDiscountRate\":null,\"unitPrice\":null,\"wowCouponDiscount\":false},\"priceList\":[{\"cashPromotionMessage\":null,\"couponDiscountAmount\":null,\"couponPrice\":null,\"couponPriceTitle\":null,\"couponUnitPrice\":null,\"description\":null,\"discountRate\":null,\"finalPrice\":null,\"gppuPricePolicy\":null,\"hasNormalCouponDiscount\":false,\"hasNormalInstantDiscount\":false,\"hasWowCouponDiscount\":false,\"hasWowInstantDiscount\":false,\"i18nCouponDiscountAmount\":null,\"i18nCouponPrice\":null,\"i18nOriginPrice\":null,\"i18nPriceAmount\":{\"amount\":\"46590\",\"currency\":\"KRW\",\"fractionDigits\":0,\"rawAmount\":null},\"i18nSalePrice\":null,\"instantDiscount\":null,\"instantPriceType\":null,\"loyaltyButtonText\":null,\"loyaltyRegistrationUrl\":null,\"originPrice\":null,\"originalPriceDesc\":null,\"priceAmount\":\"46,590\",\"salePrice\":null,\"salePriceTitle\":null,\"saleUnitPrice\":null,\"title\":\"쿠팡판매가\",\"type\":\"SALES\",\"unitDiscountRate\":null,\"unitPrice\":\"10g당 485원\",\"wowCouponDiscount\":false}],\"priceUnit\":\"원\",\"quantity\":1,\"quantityLimitationVO\":null,\"selectedIndex\":0,\"shipmentDisplayType\":\"NORMAL\",\"shippingFee\":{\"dividerIcon\":null,\"extremeMessage\":null,\"freeShippingConditionMessage\":null,\"message\":\"\u003cem class='prod-txt-bold'\u003e무료배송\u003c/em\u003e\",\"popupFreeShippingConditionMessage\":null,\"returnFeeMessage\":null,\"shippingFee\":\"0\",\"shippingFeeIcon\":null,\"shippingFeeType\":\"FREE\",\"title\":null,\"titleIcon\":null},\"shippingFeeList\":[{\"dividerIcon\":null,\"extremeMessage\":null,\"freeShippingConditionMessage\":null,\"message\":\"\u003cem class='prod-txt-bold'\u003e무료배송\u003c/em\u003e\",\"popupFreeShippingConditionMessage\":null,\"returnFeeMessage\":null,\"shippingFee\":null,\"shippingFeeIcon\":null,\"shippingFeeType\":\"FREE\",\"title\":null,\"titleIcon\":null}],\"subscriptionDelivery\":null,\"subscriptionDiscountRate\":-1,\"subscriptionPrice\":null,\"subscriptionPriceList\":[],\"wowOnlyInstantDiscountRate\":0}],\"restockNotification\":false,\"retail\":false,\"rocketLuxuryDisclaimer\":null,\"roleCode\":null,\"ruleBasedTitle\":null,\"sellingInfoVo\":null,\"shippingConsolidationLink\":null,\"soldOut\":false,\"stickBanners\":null,\"subscribeInfo\":null,\"summary\":null,\"supplier\":null,\"topSellingInfo\":null,\"used\":false,\"vendor\":null,\"vendorItemId\":93140287325,\"warrantyServiceVo\":null,\"wishList\":false},\"638636537,1626145991\":{\"additionalData\":null,\"almostSoldOut\":false,\"apiUrlMap\":{\"addToCartUrl\":\"coupang://addCart?itemId=26208186094\u0026productId=6304732510\u0026vendorItemId=83726045018\u0026sourceType=offerDetail\u0026price=19020\u0026sdpVisitKey=\u0026isLoser=false\u0026offerStatus=NEW\",\"shippingConsolidationUrl\":\"/vp/products/6304732510/vendor-items/83726045018/shipping-consolidation-widget-v2?vendorId=A00498353\u0026shippingPlaceId=5174380\"},\"attributeTitle\":null,\"authenticity\":null,\"authors\":null,\"badgeMap\":{},\"bizBadge\":null,\"blockInfo\":null,\"bundleOption\":null,\"buyableQuantity\":999,\"cashBackSummary\":null,\"ccidEligible\":false,\"ccidInfo\":null,\"couponList\":null,\"dawnOnly\":false,\"deliveryAttribute\":false,\"discountBenefitDescription\":null,\"discountBenefitDescriptionList\":null,\"easePayment\":null,\"freshEligible\":false,\"giftcard\":false,\"globalCCIDInfo\":null,\"globalInstallmentInfo\":null,\"goldFish\":false,\"highlights\":null,\"images\":[{\"detailImage\":\"//thumbnail.coupangcdn.com/thumbnails/remote/492x492ex/image/vendor_inventory/844f/9f3832c7ce09599e368fad42b2f4ca5178c971284aa14bc8fed931590a6e.jpg\",\"origin\":\"//image.coupangcdn.com/image/vendor_inventory/844f/9f3832c7ce09599e368fad42b2f4ca5178c971284aa14bc8fed931590a6e.jpg\",\"preloadImage\":\"//thumbnail.coupangcdn.com/thumbnails/remote/230x230ex/image/vendor_inventory/844f/9f3832c7ce09599e368fad42b2f4ca5178c971284aa14bc8fed931590a6e.jpg\",\"thumbnailImage\":\"//thumbnail.coupangcdn.com/thumbnails/remote/48x48ex/image/vendor_inventory/844f/9f3832c7ce09599e368fad42b2f4ca5178c971284aa14bc8fed931590a6e.jpg\"},{\"detailImage\":\"//thumbnail.coupangcdn.com/thumbnails/remote/492x492ex/image/vendor_inventory/17ea/88d9bf30bab366466db56d4a4bc1dc75fd5d660b7d7947a03506673be3eb.jpg\",\"origin\":\"//image.coupangcdn.com/image/vendor_inventory/17ea/88d9bf30bab366466db56d4a4bc1dc75fd5d660b7d7947a03506673be3eb.jpg\",\"preloadImage\":\"//thumbnail.coupangcdn.com/thumbnails/remote/230x230ex/image/vendor_inventory/17ea/88d9bf30bab366466db56d4a4bc1dc75fd5d660b7d7947a03506673be3eb.jpg\",\"thumbnailImage\":\"//thumbnail.coupangcdn.com/thumbnails/remote/48x48ex/image/vendor_inventory/17ea/88d9bf30bab366466db56d4a4bc1dc75fd5d660b7d7947a03506673be3eb.jpg\"},{\"detailImage\":\"//thumbnail.coupangcdn.com/thumbnails/remote/492x492ex/image/vendor_inventory/ee00/d20a87e5594dea9c043e5ee7dd08390aa5d09e8d5c253694e0f55143531f.jpg\",\"origin\":\"//image.coupangcdn.com/image/vendor_inventory/ee00/d20a87e5594dea9c043e5ee7dd08390aa5d09e8d5c253694e0f55143531f.jpg\",\"preloadImage\":\"//thumbnail.coupangcdn.com/thumbnails/remote/230x230ex/image/vendor_inventory/ee00/d20a87e5594dea9c043e5ee7dd08390aa5d09e8d5c253694e0f55143531f.jpg\",\"thumbnailImage\":\"//thumbnail.coupangcdn.com/thumbnails/remote/48x48ex/image/vendor_inventory/ee00/d20a87e5594dea9c043e5ee7dd08390aa5d09e8d5c253694e0f55143531f.jpg\"},{\"detailImage\":\"//thumbnail.coupangcdn.com/thumbnails/remote/492x492ex/image/vendor_inventory/6da3/9a41c64766cebddb742efc35eefb38c5af78ad29a55d36ea42f16b2be1a7.jpg\",\"origin\":\"//image.coupangcdn.com/image/vendor_inventory/6da3/9a41c64766cebddb742efc35eefb38c5af78ad29a55d36ea42f16b2be1a7.jpg\",\"preloadImage\":\"//thumbnail.coupangcdn.com/thumbnails/remote/230x230ex/image/vendor_inventory/6da3/9a41c64766cebddb742efc35eefb38c5af78ad29a55d36ea42f16b2be1a7.jpg\",\"thumbnailImage\":\"//thumbnail.coupangcdn.com/thumbnails/remote/48x48ex/image/vendor_inventory/6da3/9a41c64766cebddb742efc35eefb38c5af78ad29a55d36ea42f16b2be1a7.jpg\"}],\"invalid\":false,\"inventory\":null,\"itemId\":26208186094,\"itemName\":\"한미약품 추억의 텐텐 딸기맛 츄어블 멀티비타민 어린이영양제 딸기맛 40g 80정 1박스, 0.032g, 1개\",\"limitNoticeVo\":null,\"linkedVendorItemInfo\":null,\"luxuryDiscountBenefit\":null,\"memberInfo\":null,\"offerBanner\":null,\"offerDescription\":null,\"otherSellerCount\":null,\"parentItemId\":null,\"preOrderVo\":null,\"quantityBase\":[{\"abFlags\":{\"applyExtremeProminenceFreeDeliveryMessages\":\"A\",\"jikgu1PWarrantyAB\":\"NOT_APPLICABLE\",\"ab54632\":\"B\"},\"appliedCoupon\":null,\"benefitDisplayType\":null,\"bundleOption\":null,\"cashBackSummary\":{\"basicCashBackList\":[{\"amount\":190,\"benefit\":\"쿠페이 머니 결제 시 1% 적립\",\"expired\":false,\"i18nAmount\":{\"amount\":\"190\",\"currency\":\"KRW\",\"fractionDigits\":0,\"rawAmount\":190},\"leftDays\":null,\"rate\":\"1\",\"type\":\"BASIC\",\"validity\":\"월 최대 1만원\"}],\"basicRocketPayCashAmt\":190,\"basicRocketPayRate\":\"1\",\"cashBackTitle\":\"캐시적립 혜택\",\"cashIconUrl\":\"https://image.coupangcdn.com/image/badges/cashback/web/list-cash-icon@2x.png\",\"cashWidgetIconUrl\":\"https://image.coupangcdn.com/image/badges/sdp/cashback/web/cash-icon@2x.png\",\"clubMemberCashAmt\":null,\"clubMemberRate\":null,\"clubMemberRewardExpires\":null,\"clubMemberRewardExpiryTime\":null,\"clubMemberRewardLeftDays\":null,\"couPayBankAmt\":380,\"couPayBankExpires\":false,\"couPayBankLeftDays\":1982,\"couPayBankRate\":\"2\",\"couPayMoneyAmt\":761,\"couPayMoneyExpires\":false,\"couPayMoneyLeftDays\":1982,\"couPayMoneyRate\":\"4\",\"extraCashBackList\":[{\"amount\":380,\"benefit\":\"[로켓와우 + 쿠페이 계좌이체] 결제 시 2% 적립\",\"expired\":false,\"i18nAmount\":{\"amount\":\"380\",\"currency\":\"KRW\",\"fractionDigits\":0,\"rawAmount\":380},\"leftDays\":1982,\"rate\":\"2\",\"type\":\"COU_BANK\",\"validity\":\"이벤트 기간 30일, 최대 2만원\"},{\"amount\":761,\"benefit\":\"[로켓와우 + 쿠페이 머니] 결제 시 4% 추가적립\",\"expired\":false,\"i18nAmount\":{\"amount\":\"761\",\"currency\":\"KRW\",\"fractionDigits\":0,\"rawAmount\":761},\"leftDays\":1982,\"rate\":\"4\",\"type\":\"COU_MONEY\",\"validity\":\"이벤트 기간 30일, 최대 4만원\"}],\"finalCashBackAmt\":951,\"finalCashBackAmtIncludeRewardCashAmount\":951,\"giftRewardCashAmount\":null,\"i18nBasicRocketPayCashAmt\":{\"amount\":\"190\",\"currency\":\"KRW\",\"fractionDigits\":0,\"rawAmount\":190},\"i18nClubMemberCashAmt\":null,\"i18nCouPayBankAmt\":{\"amount\":\"380\",\"currency\":\"KRW\",\"fractionDigits\":0,\"rawAmount\":380},\"i18nCouPayMoneyAmt\":{\"amount\":\"761\",\"currency\":\"KRW\",\"fractionDigits\":0,\"rawAmount\":761},\"i18nFinalCashBackAmt\":{\"amount\":\"951\",\"currency\":\"KRW\",\"fractionDigits\":0,\"rawAmount\":951},\"i18nFinalCashBackAmtIncludeRewardCashAmount\":{\"amount\":\"951\",\"currency\":\"KRW\",\"fractionDigits\":0,\"rawAmount\":951},\"i18nRewardCashAmount\":null,\"inBookCategory\":null,\"luxuryItem\":false,\"popupType\":\"WITHEXTRA\",\"rewardCashAmount\":null,\"targetedPromotionBanner\":null},\"delivery\":{\"badgeUrl\":null,\"company\":null,\"companyLabel\":null,\"countDownMessage\":null,\"countDownMillisecond\":null,\"delayMessage\":null,\"deliveryExtraInfo\":null,\"deliveryNotice\":null,\"deliveryReminderMessage\":null,\"descriptionBadge\":null,\"descriptionIcon\":null,\"descriptions\":\"\u003cem class='prod-txt-onyx prod-txt-font-14'\u003e모레(금) 9/26\u003c/em\u003e\u003cem class='prod-txt-onyx'\u003e 도착 예정 (판매자배송)\u003c/em\u003e\",\"extremeDescriptions\":null,\"hideQuestionMark\":false,\"logistics\":false,\"loyaltyButtonText\":null,\"rocketWowQuestionMark\":false,\"speedType\":null,\"title\":null,\"type\":\"VENDOR_DELIVERY\"},\"deliveryList\":[{\"badgeUrl\":null,\"company\":null,\"companyLabel\":null,\"countDownMessage\":null,\"countDownMillisecond\":null,\"delayMessage\":null,\"deliveryExtraInfo\":null,\"deliveryNotice\":null,\"deliveryReminderMessage\":null,\"descriptionBadge\":null,\"descriptionIcon\":null,\"descriptions\":\"\u003cem class='prod-txt-onyx prod-txt-font-14'\u003e모레(금) 9/26\u003c/em\u003e\u003cem class='prod-txt-onyx'\u003e 도착 예정 (판매자배송)\u003c/em\u003e\",\"extremeDescriptions\":null,\"hideQuestionMark\":false,\"logistics\":false,\"loyaltyButtonText\":null,\"rocketWowQuestionMark\":false,\"speedType\":null,\"title\":null,\"type\":\"VENDOR_DELIVERY\"}],\"freebieBenefit\":null,\"freebieBenefitV2\":null,\"freebiePromotions\":null,\"moduleData\":[{\"abFlags\":{\"displayTwoPricesWow\":\"A\",\"sdpCartUpdateNewPmcPolicy\":\"false\",\"deliveryFeeToggleShow\":\"false\"},\"detailPriceBundle\":{\"finalPrice\":{\"bestPriceInfo\":{\"currency\":\"KRW\",\"discountRate\":36,\"discountRateValid\":true,\"doubleElevenPromoted\":false,\"firstPurchase\":false,\"goldbox\":false,\"hasEligibilityConditions\":false,\"lightning\":false,\"lightningOrGoldbox\":false,\"memberPrice\":false,\"notExpired\":true,\"percentageDiscount\":false,\"price\":19020,\"priceBasedDiscountRate\":36,\"priceType\":\"FINAL_PRICE\",\"priceWithDeliveryFee\":19020,\"unitCCIDuration\":10,\"unitPrice\":{\"amount\":10,\"extendedPrice\":{\"money\":{\"amount\":5943750,\"currency\":\"KRW\"},\"offset\":0},\"priceEx\":{\"amount\":5943750,\"currency\":\"KRW\"},\"unit\":\"g\"},\"unitPriceAmount\":5943750,\"unitPriceAmountWithDeliveryFee\":5943750,\"unitPriceDescription\":\"(10g당 5,943,750원)\",\"unitPriceDescriptionWithoutParenthesis\":\"10g당 5,943,750원\",\"unitPriceIncludeDeliveryFeeDescription\":\"(10g당 5,943,750원)\",\"unitPriceIncludeDeliveryFeeDescriptionWithoutParenthesis\":\"10g당 5,943,750원\",\"unitPriceWithDeliveryFee\":{\"amount\":10,\"extendedPrice\":{\"money\":{\"amount\":5943750,\"currency\":\"KRW\"},\"offset\":0},\"unit\":\"g\"},\"valid\":true},\"displayType\":\"FINAL\",\"downloadCouponType\":\"NONE\",\"downloadDiscountAmount\":0,\"instantDiscountAmount\":0,\"instantDiscountType\":\"NONE\",\"memberPrice\":false,\"otOrWot\":false,\"price\":19020,\"priceBaseDiscountRate\":36,\"priceWithDeliveryFee\":19020,\"realType\":\"SALES\",\"unitPriceAmount\":5943750,\"unitPriceAmountWithDeliveryFee\":5943750,\"unitPriceDescription\":\"(10g당 5,943,750원)\",\"unitPriceDescriptionWithoutParenthesis\":\"10g당 5,943,750원\",\"unitPriceIncludeDeliveryFeeDescription\":\"(10g당 5,943,750원)\"},\"finalPriceDiscountRate\":36,\"nonWowMemberPrice\":{\"price\":19020,\"priceWithDeliveryFee\":19020},\"originalPrice\":{\"displayType\":\"ORIGINAL\",\"downloadCouponType\":\"NONE\",\"instantDiscountType\":\"NONE\",\"memberPrice\":false,\"otOrWot\":false,\"price\":30000,\"priceWithDeliveryFee\":30000,\"realType\":\"ORIGINAL\",\"unitPriceDescription\":\"(10g당 9,375,000원)\"},\"wowMemberPrice\":{\"price\":19020,\"priceWithDeliveryFee\":19020}},\"logging\":{},\"normalCouponDiscount\":false,\"normalInstantDiscount\":false,\"priceLogData\":{\"unitPrice\":\"(10g당 5,943,750원)\",\"discountRate\":\"36.0\",\"underThresholdCouponSavingAmount\":\"null\",\"targetedCouponSavingAmount\":\"null\",\"instantDiscountSavingAmount\":\"null\",\"overThresholdCouponSavingAmount\":\"null\",\"salesPrice\":19020,\"finalPrice\":19020,\"underThresholdCouponThreshold\":\"null\",\"isBadDiscount\":\"false\",\"isLoyaltyMember\":false,\"wowUnderThresholdCouponThreshold\":\"null\",\"anchorPrice\":\"30000\",\"ccidEligibleSavingAmount\":\"null\",\"wowInstantDiscountSavingAmount\":\"null\",\"wowUnderThresholdCouponSavingAmount\":\"null\",\"wowCcidEligibleSavingAmount\":\"null\",\"myCcidDiscountSavingAmount\":\"null\",\"businessType\":\"3p\",\"wowOverThresholdCouponSavingAmount\":\"null\"},\"pricePolicies\":[{\"currency\":\"원\",\"description\":\"쿠팡 판매를 위한 할인 적용 이전의 가격(업체가 쿠팡에 제공한 희망소매가격 또는 공식판매처 판매가 등. 도서정가제 대상 도서인 경우, 도서 정가)입니다.\",\"discountRate\":36,\"formattedPrice\":\"30,000원\",\"price\":\"30,000\",\"priceWithDeliveryFee\":\"30,000\",\"type\":\"ORIGINAL\"}],\"priceWithDeliveryFee\":true,\"targetedDiscount\":false,\"viewType\":\"PRODUCT_DETAIL_PRICE_INFO\",\"wowCouponDiscount\":false,\"wowDiscountAndNormalOtAndNonWowMember\":false,\"wowInstantDiscount\":false},{\"attributeBasedTitle\":\"한미약품 추억의 텐텐 딸기맛 츄어블 멀티비타민 어린이영양제 딸기맛 40g 80정 1박스, 0.032g, 1개\",\"countryOfOrigin\":\"원산지: 상품 상세페이지 참조\",\"logging\":{\"alwaysSentLiveLog\":false,\"bypass\":{\"exposureSchemas\":[{\"id\":\"11942\",\"mandatory\":{\"logCategory\":\"impression\",\"logType\":\"impression\",\"pageName\":\"sdp\",\"eventName\":\"option_table_test_exposure\",\"domain\":\"sdp\",\"sdpVisitKey\":\"ao0e3s1oeagjyuah6\",\"productId\":6304732510,\"itemId\":26208186094,\"vendorItemId\":83726045018,\"abGroup\":\"B\",\"abTestId\":\"47980\"},\"version\":\"2\"}]}},\"title\":\"한미약품 추억의 텐텐 딸기맛 츄어블 멀티비타민 어린이영양제 딸기맛 40g 80정 1박스 0.032g, 1개\",\"viewType\":\"PRODUCT_DETAIL_PRODUCT_INFO\"},{\"abFlags\":{\"47980\":\"B\"},\"featureFlags\":{\"option_table_pc_expand_1_and_2_attr\":\"B\"},\"viewType\":\"PRODUCT_WEB_DATA_AB_FLAGS\"},{\"tabList\":[{\"attributeId\":\"7637\",\"items\":[{\"action\":{\"event\":{\"url\":\"https://www.coupang.com/vp/products/6304732510/items/26208186094/vendoritems/83726045018/option-table?optionTableLandingVendorItemId=83726045018\u0026landedItemId=26208186094\u0026landedVendorItemId=83726045018\u0026withDeliveryFee=true\u0026deliveryToggle=true\u0026selectedValue=7652%3ANzY1Mnwx6rCc%2C7637%3ANzYzN3wwLjAzMmc\u0026selectedShowPriceStatus=Default\u0026sdp-st=H4sIAAAAAAAA_6tWCs3LLAkoykxODclPT89JDUgsSswtVrKqVirNK09RsiopKk2t1VHyLyjJzM8LSUxCUgEXDk7NSU0GMcBSIL3FZUpWFsbmRmYGJqYGhhZAlS6pOZllqUWV6LakoIij2eeTWVwCM7O2FgDsoFBdrAAAAA\"},\"logging\":{\"alwaysSentLiveLog\":false,\"bypass\":{\"clickSchemas\":[{\"id\":\"10844\",\"mandatory\":{\"logCategory\":\"event\",\"logType\":\"click\",\"pageName\":\"sdp\",\"eventName\":\"click_sdp_option_comparison_table\",\"domain\":\"sdp\",\"sdpVisitKey\":\"ao0e3s1oeagjyuah6\",\"productId\":6304732510,\"itemId\":26208186094,\"vendorItemId\":83726045018,\"categoryId\":\"1427\",\"optionTableStyle\":\"sdp_standard\",\"clickArea\":\"attributeOption\",\"clickValue\":\"firstAttribute:0.032g\",\"isImage\":true},\"version\":\"12\"}]}}},\"id\":\"NzYzN3wwLjAzMmc\",\"imageUrl\":\"//thumbnail7.coupangcdn.com/thumbnails/remote/164x164ex/image/vendor_inventory/844f/9f3832c7ce09599e368fad42b2f4ca5178c971284aa14bc8fed931590a6e.jpg\",\"invalid\":false,\"selected\":true,\"selectedValue\":[\"7652:NzY1Mnwx6rCc\",\"7637:NzYzN3wwLjAzMmc\"],\"soldOut\":false,\"valueName\":\"0.032g\"},{\"action\":{\"event\":{\"url\":\"https://www.coupang.com/vp/products/6304732510/items/26208186094/vendoritems/83726045018/option-table?optionTableLandingVendorItemId=83726045018\u0026landedItemId=26208186094\u0026landedVendorItemId=83726045018\u0026withDeliveryFee=true\u0026deliveryToggle=true\u0026selectedValue=7652%3ANzY1Mnwx6rCc%2C7637%3ANzYzN3w0MGc\u0026selectedShowPriceStatus=Default\u0026sdp-st=H4sIAAAAAAAA_6tWCs3LLAkoykxODclPT89JDUgsSswtVrKqVirNK09RsiopKk2t1VHyLyjJzM8LSUxCUgEXDk7NSU0GMcBSIL3FZUpWFsbmRmYGJqYGhhZAlS6pOZllqUWV6LakoIij2eeTWVwCM7O2FgDsoFBdrAAAAA\"},\"logging\":{\"alwaysSentLiveLog\":false,\"bypass\":{\"clickSchemas\":[{\"id\":\"10844\",\"mandatory\":{\"logCategory\":\"event\",\"logType\":\"click\",\"pageName\":\"sdp\",\"eventName\":\"click_sdp_option_comparison_table\",\"domain\":\"sdp\",\"sdpVisitKey\":\"ao0e3s1oeagjyuah6\",\"productId\":6304732510,\"itemId\":26208186094,\"vendorItemId\":83726045018,\"categoryId\":\"1427\",\"optionTableStyle\":\"sdp_standard\",\"clickArea\":\"attributeOption\",\"clickValue\":\"firstAttribute:40g\",\"isImage\":true},\"version\":\"12\"}]}}},\"id\":\"NzYzN3w0MGc\",\"imageUrl\":\"//thumbnail8.coupangcdn.com/thumbnails/remote/164x164ex/image/vendor_inventory/3fca/d29a6939076afcf00185ec5c500aa9453476c672a6c92b9778ca10f0189e.png\",\"invalid\":false,\"selected\":false,\"selectedValue\":[\"7652:NzY1Mnwx6rCc\",\"7637:NzYzN3w0MGc\"],\"soldOut\":false,\"valueName\":\"40g\"},{\"action\":{\"event\":{\"url\":\"https://www.coupang.com/vp/products/6304732510/items/26208186094/vendoritems/83726045018/option-table?optionTableLandingVendorItemId=83726045018\u0026landedItemId=26208186094\u0026landedVendorItemId=83726045018\u0026withDeliveryFee=true\u0026deliveryToggle=true\u0026selectedValue=7652%3ANzY1Mnwx6rCc%2C7637%3ANzYzN3wxMjBn\u0026selectedShowPriceStatus=Default\u0026sdp-st=H4sIAAAAAAAA_6tWCs3LLAkoykxODclPT89JDUgsSswtVrKqVirNK09RsiopKk2t1VHyLyjJzM8LSUxCUgEXDk7NSU0GMcBSIL3FZUpWFsbmRmYGJqYGhhZAlS6pOZllqUWV6LakoIij2eeTWVwCM7O2FgDsoFBdrAAAAA\"},\"logging\":{\"alwaysSentLiveLog\":false,\"bypass\":{\"clickSchemas\":[{\"id\":\"10844\",\"mandatory\":{\"logCategory\":\"event\",\"logType\":\"click\",\"pageName\":\"sdp\",\"eventName\":\"click_sdp_option_comparison_table\",\"domain\":\"sdp\",\"sdpVisitKey\":\"ao0e3s1oeagjyuah6\",\"productId\":6304732510,\"itemId\":26208186094,\"vendorItemId\":83726045018,\"categoryId\":\"1427\",\"optionTableStyle\":\"sdp_standard\",\"clickArea\":\"attributeOption\",\"clickValue\":\"firstAttribute:120g\",\"isImage\":true},\"version\":\"12\"}]}}},\"id\":\"NzYzN3wxMjBn\",\"imageUrl\":\"//thumbnail9.coupangcdn.com/thumbnails/remote/164x164ex/image/vendor_inventory/b547/1ec17b477c8fc5c367a9949c95493b2b139278d4c14faa72171e55666a3d.jpg\",\"invalid\":false,\"selected\":false,\"selectedValue\":[\"7652:NzY1Mnwx6rCc\",\"7637:NzYzN3wxMjBn\"],\"soldOut\":false,\"valueName\":\"120g\"},{\"action\":{\"event\":{\"url\":\"https://www.coupang.com/vp/products/6304732510/items/26208186094/vendoritems/83726045018/option-table?optionTableLandingVendorItemId=83726045018\u0026landedItemId=26208186094\u0026landedVendorItemId=83726045018\u0026withDeliveryFee=true\u0026deliveryToggle=true\u0026selectedValue=7652%3ANzY1Mnwx6rCc%2C7637%3ANzYzN3wzMjBn\u0026selectedShowPriceStatus=Default\u0026sdp-st=H4sIAAAAAAAA_6tWCs3LLAkoykxODclPT89JDUgsSswtVrKqVirNK09RsiopKk2t1VHyLyjJzM8LSUxCUgEXDk7NSU0GMcBSIL3FZUpWFsbmRmYGJqYGhhZAlS6pOZllqUWV6LakoIij2eeTWVwCM7O2FgDsoFBdrAAAAA\"},\"logging\":{\"alwaysSentLiveLog\":false,\"bypass\":{\"clickSchemas\":[{\"id\":\"10844\",\"mandatory\":{\"logCategory\":\"event\",\"logType\":\"click\",\"pageName\":\"sdp\",\"eventName\":\"click_sdp_option_comparison_table\",\"domain\":\"sdp\",\"sdpVisitKey\":\"ao0e3s1oeagjyuah6\",\"productId\":6304732510,\"itemId\":26208186094,\"vendorItemId\":83726045018,\"categoryId\":\"1427\",\"optionTableStyle\":\"sdp_standard\",\"clickArea\":\"attributeOption\",\"clickValue\":\"firstAttribute:320g\",\"isImage\":true},\"version\":\"12\"}]}}},\"id\":\"NzYzN3wzMjBn\",\"imageUrl\":\"//thumbnail10.coupangcdn.com/thumbnails/remote/164x164ex/image/vendor_inventory/e1bf/efd3c9991e90a771d56139fe0a0819175bbb69e48369bec3488f5f606f02.jpeg\",\"invalid\":false,\"selected\":false,\"selectedValue\":[\"7652:NzY1Mnwx6rCc\",\"7637:NzYzN3wzMjBn\"],\"soldOut\":false,\"valueName\":\"320g\"}],\"sizeAttribute\":false,\"style\":\"TAB_IMAGE\",\"title\":\"개당 중량 × 수량: \",\"valueName\":\"0.032g × 1개\"}],\"viewType\":\"PRODUCT_OPTION_TABLE_TAB_SELECTOR\"},{\"data\":{\"description\":\"배송비 포함\",\"title\":\"더 많은 옵션 보기\"},\"viewType\":\"PRODUCT_OPTION_TABLE_TOGGLE_HEADER\"},{\"landingItemId\":26208186094,\"landingProductId\":6304732510,\"landingVendorItemId\":83726045018,\"logging\":{\"alwaysSentLiveLog\":false,\"bypass\":{\"exposureSchema\":{\"id\":\"10843\",\"mandatory\":{\"logCategory\":\"impression\",\"logType\":\"impression\",\"pageName\":\"sdp\",\"eventName\":\"impression_sdp_option_comparison_table\",\"domain\":\"sdp\",\"sdpVisitKey\":\"ao0e3s1oeagjyuah6\",\"productId\":6304732510,\"itemId\":26208186094,\"vendorItemId\":83726045018,\"categoryId\":\"1427\",\"optionTableStyle\":\"sdp_standard\",\"attributes\":\"개당 중량,수량\",\"isSeeAll\":true,\"isImage\":true,\"firstAttributeOptionList\":\"attribute1:0.032g,attribute2:40g,attribute3:120g,attribute4:320g\",\"selectedAttribute\":\"firstAttribute:0.032g\",\"listVendorItemId\":\"option1:83726045018\",\"listVendorItemPrice\":\"option1:19020\",\"listQty\":\"option1:1개\",\"listDeliveryType\":\"option1:\",\"listUnitPrice\":\"option1:5943750\",\"listMin\":\"option1:true\",\"listOos\":\"option1:false\",\"listDefault\":\"option1:true\",\"listPriceLabel\":\"option1:\",\"selectedOption\":\"option1\"},\"version\":\"16\"}}},\"optionList\":[{\"action\":{\"event\":{\"url\":\"/vm/v5/products/6304732510/vendor-items/83726045018?landingItemId=26208186094\u0026landingProductId=6304732510\u0026landingVendorItemId=83726045018\"},\"logging\":{\"alwaysSentLiveLog\":false,\"bypass\":{\"clickSchemas\":[{\"id\":\"10844\",\"mandatory\":{\"logCategory\":\"event\",\"logType\":\"click\",\"pageName\":\"sdp\",\"eventName\":\"click_sdp_option_comparison_table\",\"domain\":\"sdp\",\"sdpVisitKey\":\"ao0e3s1oeagjyuah6\",\"productId\":6304732510,\"itemId\":26208186094,\"vendorItemId\":83726045018,\"categoryId\":\"1427\",\"clickArea\":\"option\",\"clickValue\":\"option1:83726045018\",\"isImage\":false},\"version\":\"12\"}]}}},\"defaultShow\":true,\"finalPrice\":\"19,020원\",\"finalUnitPrice\":\"10g당 5,943,750원\",\"finalUnitPriceLabel\":\"(최저 단위가)\",\"hoverImageUrl\":\"//thumbnail7.coupangcdn.com/thumbnails/remote/492x492ex/image/vendor_inventory/844f/9f3832c7ce09599e368fad42b2f4ca5178c971284aa14bc8fed931590a6e.jpg\",\"hoverSelectionText\":\"0.032g × 1개\",\"itemId\":26208186094,\"optionItemName\":\"1개\",\"selected\":true,\"soldOut\":false,\"vendorItemId\":83726045018}],\"seeAllButton\":{\"action\":{\"logging\":{\"alwaysSentLiveLog\":false,\"bypass\":{\"clickSchemas\":[{\"id\":\"10844\",\"mandatory\":{\"logCategory\":\"event\",\"logType\":\"click\",\"pageName\":\"sdp\",\"eventName\":\"click_sdp_option_comparison_table\",\"domain\":\"sdp\",\"sdpVisitKey\":\"ao0e3s1oeagjyuah6\",\"productId\":6304732510,\"itemId\":26208186094,\"vendorItemId\":83726045018,\"categoryId\":\"1427\",\"clickArea\":\"seeAll\",\"clickValue\":\"모든 옵션 보기\",\"isImage\":false,\"isToggleOn\":true},\"version\":\"12\"}]}}},\"buttonText\":\"모든 옵션 보기\"},\"style\":\"SHORT_ATTR\",\"tableId\":\"NzYzN3wwLjAzMmc\",\"viewType\":\"PRODUCT_OPTION_TABLE_LIST_VIEW\"},{\"items\":[{\"action\":{\"event\":{\"url\":\"vp/products/6304732510/vendoritems/83726045018\"},\"logging\":{\"alwaysSentLiveLog\":false,\"bypass\":{\"clickSchemas\":[{\"id\":\"5104\",\"mandatory\":{\"domain\":\"sdp\",\"logCategory\":\"event\",\"logType\":\"click\",\"pageName\":\"option_list\",\"eventName\":\"option_list_click\",\"sdpVisitKey\":\"ao0e3s1oeagjyuah6\",\"vendorItemId\":83726045018,\"searchId\":\"\",\"vendorItemIdAttributes\":\"0.032g_1개_unitPrice:5943750_vendorItemPrice:19020_deliveryType:3p_deliveryFee:0\"},\"version\":\"6\"}],\"exposureSchema\":{\"id\":\"5112\",\"mandatory\":{\"logCategory\":\"impression\",\"logType\":\"impression\",\"pageName\":\"option_list\",\"eventName\":\"option_list_item_impression\",\"domain\":\"sdp\",\"referSdpItem\":\"p6304732510_i26208186094_v83726045018\",\"sdpVisitKey\":\"ao0e3s1oeagjyuah6\",\"vendorItemId\":\"83726045018\",\"originalItemId\":26208186094,\"originalVendorItemId\":83726045018,\"searchId\":\"\",\"vendorItemIdAttributes\":\"0.032g_1개_unitPrice:5943750_vendorItemPrice:19020_deliveryType:3p_deliveryFee:0\"},\"version\":\"9\"}}}},\"deliveryInfo\":{\"deliveryDateDescriptions\":\"모레(금) 9/26 도착 예정 (판매자배송)\"},\"imageUrl\":\"//thumbnail7.coupangcdn.com/thumbnails/remote/164x164ex/image/vendor_inventory/844f/9f3832c7ce09599e368fad42b2f4ca5178c971284aa14bc8fed931590a6e.jpg\",\"itemBasicInfo\":{\"invalid\":false,\"itemId\":26208186094,\"itemImage\":{\"image\":{\"height\":72,\"url\":\"http://thumbnail7.coupangcdn.com/thumbnails/remote/164x164ex/image/vendor_inventory/844f/9f3832c7ce09599e368fad42b2f4ca5178c971284aa14bc8fed931590a6e.jpg\",\"width\":72}},\"itemName\":\"0.032g × 1개\",\"vendorItemId\":83726045018},\"priceInfo\":{\"finalDeliveryDescription\":\"무료배송\",\"finalPrice\":\"19,020원\",\"finalUnitPrice\":\"(10g당 5,943,750원)\"},\"selected\":true,\"stockInfo\":{\"logistics\":false,\"restockNotification\":false,\"soldOut\":false}},{\"action\":{\"event\":{\"url\":\"vp/products/6304732510/vendoritems/90936990809\"},\"logging\":{\"alwaysSentLiveLog\":false,\"bypass\":{\"clickSchemas\":[{\"id\":\"5104\",\"mandatory\":{\"domain\":\"sdp\",\"logCategory\":\"event\",\"logType\":\"click\",\"pageName\":\"option_list\",\"eventName\":\"option_list_click\",\"sdpVisitKey\":\"ao0e3s1oeagjyuah6\",\"vendorItemId\":90936990809,\"searchId\":\"\",\"vendorItemIdAttributes\":\"40g_1개_unitPrice:1078_vendorItemPrice:4310_deliveryType:3p_deliveryFee:0\"},\"version\":\"6\"}],\"exposureSchema\":{\"id\":\"5112\",\"mandatory\":{\"logCategory\":\"impression\",\"logType\":\"impression\",\"pageName\":\"option_list\",\"eventName\":\"option_list_item_impression\",\"domain\":\"sdp\",\"referSdpItem\":\"p6304732510_i26208186094_v83726045018\",\"sdpVisitKey\":\"ao0e3s1oeagjyuah6\",\"vendorItemId\":\"90936990809\",\"originalItemId\":26208186094,\"originalVendorItemId\":83726045018,\"searchId\":\"\",\"vendorItemIdAttributes\":\"40g_1개_unitPrice:1078_vendorItemPrice:4310_deliveryType:3p_deliveryFee:0\"},\"version\":\"9\"}}}},\"deliveryInfo\":{\"deliveryDateDescriptions\":\"모레(금) 9/26 도착 예정 (판매자배송)\"},\"imageUrl\":\"//thumbnail7.coupangcdn.com/thumbnails/remote/164x164ex/image/vendor_inventory/bad2/b86ba83788b6cdc11d3f68c642004411203daa6ffe5aa955e0ef3cdeba38.jpg\",\"itemBasicInfo\":{\"invalid\":false,\"itemId\":23914669742,\"itemImage\":{\"image\":{\"height\":72,\"url\":\"http://thumbnail7.coupangcdn.com/thumbnails/remote/164x164ex/image/vendor_inventory/bad2/b86ba83788b6cdc11d3f68c642004411203daa6ffe5aa955e0ef3cdeba38.jpg\",\"width\":72}},\"itemName\":\"40g × 1개\",\"vendorItemId\":90936990809},\"priceInfo\":{\"finalDeliveryDescription\":\"무료배송\",\"finalPrice\":\"4,310원\",\"finalUnitPrice\":\"(10g당 1,078원)\"},\"stockInfo\":{\"logistics\":false,\"restockNotification\":false,\"soldOut\":false}},{\"action\":{\"event\":{\"url\":\"vp/products/6304732510/vendoritems/88552858873\"},\"logging\":{\"alwaysSentLiveLog\":false,\"bypass\":{\"clickSchemas\":[{\"id\":\"5104\",\"mandatory\":{\"domain\":\"sdp\",\"logCategory\":\"event\",\"logType\":\"click\",\"pageName\":\"option_list\",\"eventName\":\"option_list_click\",\"sdpVisitKey\":\"ao0e3s1oeagjyuah6\",\"vendorItemId\":88552858873,\"searchId\":\"\",\"vendorItemIdAttributes\":\"40g_3개_unitPrice:672_vendorItemPrice:8060_deliveryType:3p_deliveryFee:0\"},\"version\":\"6\"}],\"exposureSchema\":{\"id\":\"5112\",\"mandatory\":{\"logCategory\":\"impression\",\"logType\":\"impression\",\"pageName\":\"option_list\",\"eventName\":\"option_list_item_impression\",\"domain\":\"sdp\",\"referSdpItem\":\"p6304732510_i26208186094_v83726045018\",\"sdpVisitKey\":\"ao0e3s1oeagjyuah6\",\"vendorItemId\":\"88552858873\",\"originalItemId\":26208186094,\"originalVendorItemId\":83726045018,\"searchId\":\"\",\"vendorItemIdAttributes\":\"40g_3개_unitPrice:672_vendorItemPrice:8060_deliveryType:3p_deliveryFee:0\"},\"version\":\"9\"}}}},\"deliveryInfo\":{\"deliveryDateDescriptions\":\"모레(금) 9/26 도착 예정 (판매자배송)\"},\"imageUrl\":\"//thumbnail8.coupangcdn.com/thumbnails/remote/164x164ex/image/vendor_inventory/3fca/d29a6939076afcf00185ec5c500aa9453476c672a6c92b9778ca10f0189e.png\",\"itemBasicInfo\":{\"invalid\":false,\"itemId\":20936775200,\"itemImage\":{\"image\":{\"height\":72,\"url\":\"http://thumbnail8.coupangcdn.com/thumbnails/remote/164x164ex/image/vendor_inventory/3fca/d29a6939076afcf00185ec5c500aa9453476c672a6c92b9778ca10f0189e.png\",\"width\":72}},\"itemName\":\"40g × 3개\",\"vendorItemId\":88552858873},\"priceInfo\":{\"finalDeliveryDescription\":\"무료배송\",\"finalPrice\":\"8,060원\",\"finalUnitPrice\":\"(10g당 672원)\"},\"stockInfo\":{\"logistics\":false,\"restockNotification\":false,\"soldOut\":false}},{\"action\":{\"event\":{\"url\":\"vp/products/6304732510/vendoritems/88552858866\"},\"logging\":{\"alwaysSentLiveLog\":false,\"bypass\":{\"clickSchemas\":[{\"id\":\"5104\",\"mandatory\":{\"domain\":\"sdp\",\"logCategory\":\"event\",\"logType\":\"click\",\"pageName\":\"option_list\",\"eventName\":\"option_list_click\",\"sdpVisitKey\":\"ao0e3s1oeagjyuah6\",\"vendorItemId\":88552858866,\"searchId\":\"\",\"vendorItemIdAttributes\":\"40g_4개_unitPrice:582_vendorItemPrice:9310_deliveryType:3p_deliveryFee:0\"},\"version\":\"6\"}],\"exposureSchema\":{\"id\":\"5112\",\"mandatory\":{\"logCategory\":\"impression\",\"logType\":\"impression\",\"pageName\":\"option_list\",\"eventName\":\"option_list_item_impression\",\"domain\":\"sdp\",\"referSdpItem\":\"p6304732510_i26208186094_v83726045018\",\"sdpVisitKey\":\"ao0e3s1oeagjyuah6\",\"vendorItemId\":\"88552858866\",\"originalItemId\":26208186094,\"originalVendorItemId\":83726045018,\"searchId\":\"\",\"vendorItemIdAttributes\":\"40g_4개_unitPrice:582_vendorItemPrice:9310_deliveryType:3p_deliveryFee:0\"},\"version\":\"9\"}}}},\"deliveryInfo\":{\"deliveryDateDescriptions\":\"모레(금) 9/26 도착 예정 (판매자배송)\"},\"imageUrl\":\"//thumbnail10.coupangcdn.com/thumbnails/remote/164x164ex/image/vendor_inventory/c55d/b5a7c6f8d83fbba79baba7ad6614a529635a03527f8d4ec6d539b21cec48.png\",\"itemBasicInfo\":{\"invalid\":false,\"itemId\":20936775203,\"itemImage\":{\"image\":{\"height\":72,\"url\":\"http://thumbnail10.coupangcdn.com/thumbnails/remote/164x164ex/image/vendor_inventory/c55d/b5a7c6f8d83fbba79baba7ad6614a529635a03527f8d4ec6d539b21cec48.png\",\"width\":72}},\"itemName\":\"40g × 4개\",\"vendorItemId\":88552858866},\"priceInfo\":{\"finalDeliveryDescription\":\"무료배송\",\"finalPrice\":\"9,310원\",\"finalUnitPrice\":\"(10g당 582원)\"},\"stockInfo\":{\"logistics\":false,\"restockNotification\":false,\"soldOut\":false}},{\"action\":{\"event\":{\"url\":\"vp/products/6304732510/vendoritems/88552858899\"},\"logging\":{\"alwaysSentLiveLog\":false,\"bypass\":{\"clickSchemas\":[{\"id\":\"5104\",\"mandatory\":{\"domain\":\"sdp\",\"logCategory\":\"event\",\"logType\":\"click\",\"pageName\":\"option_list\",\"eventName\":\"option_list_click\",\"sdpVisitKey\":\"ao0e3s1oeagjyuah6\",\"vendorItemId\":88552858899,\"searchId\":\"\",\"vendorItemIdAttributes\":\"40g_5개_unitPrice:560_vendorItemPrice:11200_deliveryType:3p_deliveryFee:0\"},\"version\":\"6\"}],\"exposureSchema\":{\"id\":\"5112\",\"mandatory\":{\"logCategory\":\"impression\",\"logType\":\"impression\",\"pageName\":\"option_list\",\"eventName\":\"option_list_item_impression\",\"domain\":\"sdp\",\"referSdpItem\":\"p6304732510_i26208186094_v83726045018\",\"sdpVisitKey\":\"ao0e3s1oeagjyuah6\",\"vendorItemId\":\"88552858899\",\"originalItemId\":26208186094,\"originalVendorItemId\":83726045018,\"searchId\":\"\",\"vendorItemIdAttributes\":\"40g_5개_unitPrice:560_vendorItemPrice:11200_deliveryType:3p_deliveryFee:0\"},\"version\":\"9\"}}}},\"deliveryInfo\":{\"deliveryDateDescriptions\":\"모레(금) 9/26 도착 예정 (판매자배송)\"},\"imageUrl\":\"//thumbnail10.coupangcdn.com/thumbnails/remote/164x164ex/image/vendor_inventory/image_audit/stage/manual/d29a6939076afcf00185ec5c500aa9453476c672a6c92b9778ca10f0189e_1754356773903.png\",\"itemBasicInfo\":{\"invalid\":false,\"itemId\":20936775205,\"itemImage\":{\"image\":{\"height\":72,\"url\":\"http://thumbnail10.coupangcdn.com/thumbnails/remote/164x164ex/image/vendor_inventory/image_audit/stage/manual/d29a6939076afcf00185ec5c500aa9453476c672a6c92b9778ca10f0189e_1754356773903.png\",\"width\":72}},\"itemName\":\"40g × 5개\",\"vendorItemId\":88552858899},\"priceInfo\":{\"finalDeliveryDescription\":\"무료배송\",\"finalPrice\":\"11,200원\",\"finalUnitPrice\":\"(10g당 560원)\"},\"stockInfo\":{\"logistics\":false,\"restockNotification\":false,\"soldOut\":false}},{\"action\":{\"event\":{\"url\":\"vp/products/6304732510/vendoritems/93044196173\"},\"logging\":{\"alwaysSentLiveLog\":false,\"bypass\":{\"clickSchemas\":[{\"id\":\"5104\",\"mandatory\":{\"domain\":\"sdp\",\"logCategory\":\"event\",\"logType\":\"click\",\"pageName\":\"option_list\",\"eventName\":\"option_list_click\",\"sdpVisitKey\":\"ao0e3s1oeagjyuah6\",\"vendorItemId\":93044196173,\"searchId\":\"\",\"vendorItemIdAttributes\":\"40g_7개_unitPrice:536_vendorItemPrice:15000_deliveryType:3p_deliveryFee:0\"},\"version\":\"6\"}],\"exposureSchema\":{\"id\":\"5112\",\"mandatory\":{\"logCategory\":\"impression\",\"logType\":\"impression\",\"pageName\":\"option_list\",\"eventName\":\"option_list_item_impression\",\"domain\":\"sdp\",\"referSdpItem\":\"p6304732510_i26208186094_v83726045018\",\"sdpVisitKey\":\"ao0e3s1oeagjyuah6\",\"vendorItemId\":\"93044196173\",\"originalItemId\":26208186094,\"originalVendorItemId\":83726045018,\"searchId\":\"\",\"vendorItemIdAttributes\":\"40g_7개_unitPrice:536_vendorItemPrice:15000_deliveryType:3p_deliveryFee:0\"},\"version\":\"9\"}}}},\"deliveryInfo\":{\"deliveryDateDescriptions\":\"모레(금) 9/26 도착 예정 (판매자배송)\"},\"imageUrl\":\"//thumbnail8.coupangcdn.com/thumbnails/remote/164x164ex/image/vendor_inventory/3fca/d29a6939076afcf00185ec5c500aa9453476c672a6c92b9778ca10f0189e.png\",\"itemBasicInfo\":{\"invalid\":false,\"itemId\":26062938875,\"itemImage\":{\"image\":{\"height\":72,\"url\":\"http://thumbnail8.coupangcdn.com/thumbnails/remote/164x164ex/image/vendor_inventory/3fca/d29a6939076afcf00185ec5c500aa9453476c672a6c92b9778ca10f0189e.png\",\"width\":72}},\"itemName\":\"40g × 7개\",\"vendorItemId\":93044196173},\"priceInfo\":{\"finalDeliveryDescription\":\"무료배송\",\"finalPrice\":\"15,000원\",\"finalUnitPrice\":\"(10g당 536원)\"},\"stockInfo\":{\"logistics\":false,\"restockNotification\":false,\"soldOut\":false}},{\"action\":{\"event\":{\"url\":\"vp/products/6304732510/vendoritems/93044233793\"},\"logging\":{\"alwaysSentLiveLog\":false,\"bypass\":{\"clickSchemas\":[{\"id\":\"5104\",\"mandatory\":{\"domain\":\"sdp\",\"logCategory\":\"event\",\"logType\":\"click\",\"pageName\":\"option_list\",\"eventName\":\"option_list_click\",\"sdpVisitKey\":\"ao0e3s1oeagjyuah6\",\"vendorItemId\":93044233793,\"searchId\":\"\",\"vendorItemIdAttributes\":\"40g_8개_unitPrice:530_vendorItemPrice:16950_deliveryType:3p_deliveryFee:0\"},\"version\":\"6\"}],\"exposureSchema\":{\"id\":\"5112\",\"mandatory\":{\"logCategory\":\"impression\",\"logType\":\"impression\",\"pageName\":\"option_list\",\"eventName\":\"option_list_item_impression\",\"domain\":\"sdp\",\"referSdpItem\":\"p6304732510_i26208186094_v83726045018\",\"sdpVisitKey\":\"ao0e3s1oeagjyuah6\",\"vendorItemId\":\"93044233793\",\"originalItemId\":26208186094,\"originalVendorItemId\":83726045018,\"searchId\":\"\",\"vendorItemIdAttributes\":\"40g_8개_unitPrice:530_vendorItemPrice:16950_deliveryType:3p_deliveryFee:0\"},\"version\":\"9\"}}}},\"deliveryInfo\":{\"deliveryDateDescriptions\":\"모레(금) 9/26 도착 예정 (판매자배송)\"},\"imageUrl\":\"//thumbnail8.coupangcdn.com/thumbnails/remote/164x164ex/image/vendor_inventory/3fca/d29a6939076afcf00185ec5c500aa9453476c672a6c92b9778ca10f0189e.png\",\"itemBasicInfo\":{\"invalid\":false,\"itemId\":26062977015,\"itemImage\":{\"image\":{\"height\":72,\"url\":\"http://thumbnail8.coupangcdn.com/thumbnails/remote/164x164ex/image/vendor_inventory/3fca/d29a6939076afcf00185ec5c500aa9453476c672a6c92b9778ca10f0189e.png\",\"width\":72}},\"itemName\":\"40g × 8개\",\"vendorItemId\":93044233793},\"priceInfo\":{\"finalDeliveryDescription\":\"무료배송\",\"finalPrice\":\"16,950원\",\"finalUnitPrice\":\"(10g당 530원)\"},\"stockInfo\":{\"logistics\":false,\"restockNotification\":false,\"soldOut\":false}},{\"action\":{\"event\":{\"url\":\"vp/products/6304732510/vendoritems/91342796007\"},\"logging\":{\"alwaysSentLiveLog\":false,\"bypass\":{\"clickSchemas\":[{\"id\":\"5104\",\"mandatory\":{\"domain\":\"sdp\",\"logCategory\":\"event\",\"logType\":\"click\",\"pageName\":\"option_list\",\"eventName\":\"option_list_click\",\"sdpVisitKey\":\"ao0e3s1oeagjyuah6\",\"vendorItemId\":91342796007,\"searchId\":\"\",\"vendorItemIdAttributes\":\"40g_10개_unitPrice:529_vendorItemPrice:21170_deliveryType:3p_deliveryFee:0\"},\"version\":\"6\"}],\"exposureSchema\":{\"id\":\"5112\",\"mandatory\":{\"logCategory\":\"impression\",\"logType\":\"impression\",\"pageName\":\"option_list\",\"eventName\":\"option_list_item_impression\",\"domain\":\"sdp\",\"referSdpItem\":\"p6304732510_i26208186094_v83726045018\",\"sdpVisitKey\":\"ao0e3s1oeagjyuah6\",\"vendorItemId\":\"91342796007\",\"originalItemId\":26208186094,\"originalVendorItemId\":83726045018,\"searchId\":\"\",\"vendorItemIdAttributes\":\"40g_10개_unitPrice:529_vendorItemPrice:21170_deliveryType:3p_deliveryFee:0\"},\"version\":\"9\"}}}},\"deliveryInfo\":{\"deliveryDateDescriptions\":\"모레(금) 9/26 도착 예정 (판매자배송)\"},\"imageUrl\":\"//thumbnail8.coupangcdn.com/thumbnails/remote/164x164ex/image/vendor_inventory/3fca/d29a6939076afcf00185ec5c500aa9453476c672a6c92b9778ca10f0189e.png\",\"itemBasicInfo\":{\"invalid\":false,\"itemId\":25202344310,\"itemImage\":{\"image\":{\"height\":72,\"url\":\"http://thumbnail8.coupangcdn.com/thumbnails/remote/164x164ex/image/vendor_inventory/3fca/d29a6939076afcf00185ec5c500aa9453476c672a6c92b9778ca10f0189e.png\",\"width\":72}},\"itemName\":\"40g × 10개\",\"vendorItemId\":91342796007},\"priceInfo\":{\"finalDeliveryDescription\":\"무료배송\",\"finalPrice\":\"21,170원\",\"finalUnitPrice\":\"(10g당 529원)\"},\"stockInfo\":{\"logistics\":false,\"restockNotification\":false,\"soldOut\":false}},{\"action\":{\"event\":{\"url\":\"vp/products/6304732510/vendoritems/93140287325\"},\"logging\":{\"alwaysSentLiveLog\":false,\"bypass\":{\"clickSchemas\":[{\"id\":\"5104\",\"mandatory\":{\"domain\":\"sdp\",\"logCategory\":\"event\",\"logType\":\"click\",\"pageName\":\"option_list\",\"eventName\":\"option_list_click\",\"sdpVisitKey\":\"ao0e3s1oeagjyuah6\",\"vendorItemId\":93140287325,\"searchId\":\"\",\"vendorItemIdAttributes\":\"40g_24개_unitPrice:485_vendorItemPrice:46590_deliveryType:3p_deliveryFee:0\"},\"version\":\"6\"}],\"exposureSchema\":{\"id\":\"5112\",\"mandatory\":{\"logCategory\":\"impression\",\"logType\":\"impression\",\"pageName\":\"option_list\",\"eventName\":\"option_list_item_impression\",\"domain\":\"sdp\",\"referSdpItem\":\"p6304732510_i26208186094_v83726045018\",\"sdpVisitKey\":\"ao0e3s1oeagjyuah6\",\"vendorItemId\":\"93140287325\",\"originalItemId\":26208186094,\"originalVendorItemId\":83726045018,\"searchId\":\"\",\"vendorItemIdAttributes\":\"40g_24개_unitPrice:485_vendorItemPrice:46590_deliveryType:3p_deliveryFee:0\"},\"version\":\"9\"}}}},\"deliveryInfo\":{\"deliveryDateDescriptions\":\"모레(금) 9/26 도착 예정 (판매자배송)\"},\"imageUrl\":\"//thumbnail9.coupangcdn.com/thumbnails/remote/164x164ex/image/vendor_inventory/image_audit/stage/manual/d29a6939076afcf00185ec5c500aa9453476c672a6c92b9778ca10f0189e_1754355818745.png\",\"itemBasicInfo\":{\"invalid\":false,\"itemId\":21366987476,\"itemImage\":{\"image\":{\"height\":72,\"url\":\"http://thumbnail9.coupangcdn.com/thumbnails/remote/164x164ex/image/vendor_inventory/image_audit/stage/manual/d29a6939076afcf00185ec5c500aa9453476c672a6c92b9778ca10f0189e_1754355818745.png\",\"width\":72}},\"itemName\":\"40g × 24개\",\"vendorItemId\":93140287325},\"priceInfo\":{\"finalDeliveryDescription\":\"무료배송\",\"finalPrice\":\"46,590원\",\"finalUnitPrice\":\"(10g당 485원)\"},\"stockInfo\":{\"logistics\":false,\"restockNotification\":false,\"soldOut\":false}},{\"action\":{\"event\":{\"url\":\"vp/products/6304732510/vendoritems/93238420182\"},\"logging\":{\"alwaysSentLiveLog\":false,\"bypass\":{\"clickSchemas\":[{\"id\":\"5104\",\"mandatory\":{\"domain\":\"sdp\",\"logCategory\":\"event\",\"logType\":\"click\",\"pageName\":\"option_list\",\"eventName\":\"option_list_click\",\"sdpVisitKey\":\"ao0e3s1oeagjyuah6\",\"vendorItemId\":93238420182,\"searchId\":\"\",\"vendorItemIdAttributes\":\"120g_1세트_unitPrice:4242_vendorItemPrice:50900_deliveryType:3p_deliveryFee:0\"},\"version\":\"6\"}],\"exposureSchema\":{\"id\":\"5112\",\"mandatory\":{\"logCategory\":\"impression\",\"logType\":\"impression\",\"pageName\":\"option_list\",\"eventName\":\"option_list_item_impression\",\"domain\":\"sdp\",\"referSdpItem\":\"p6304732510_i26208186094_v83726045018\",\"sdpVisitKey\":\"ao0e3s1oeagjyuah6\",\"vendorItemId\":\"93238420182\",\"originalItemId\":26208186094,\"originalVendorItemId\":83726045018,\"searchId\":\"\",\"vendorItemIdAttributes\":\"120g_1세트_unitPrice:4242_vendorItemPrice:50900_deliveryType:3p_deliveryFee:0\"},\"version\":\"9\"}}}},\"deliveryInfo\":{\"deliveryDateDescriptions\":\"모레(금) 9/26 도착 예정 (판매자배송)\"},\"imageUrl\":\"//thumbnail9.coupangcdn.com/thumbnails/remote/164x164ex/image/vendor_inventory/b547/1ec17b477c8fc5c367a9949c95493b2b139278d4c14faa72171e55666a3d.jpg\",\"itemBasicInfo\":{\"invalid\":false,\"itemId\":26260097852,\"itemImage\":{\"image\":{\"height\":72,\"url\":\"http://thumbnail9.coupangcdn.com/thumbnails/remote/164x164ex/image/vendor_inventory/b547/1ec17b477c8fc5c367a9949c95493b2b139278d4c14faa72171e55666a3d.jpg\",\"width\":72}},\"itemName\":\"120g × 1세트\",\"vendorItemId\":93238420182},\"priceInfo\":{\"finalDeliveryDescription\":\"무료배송\",\"finalPrice\":\"50,900원\",\"finalUnitPrice\":\"(10g당 4,242원)\"},\"stockInfo\":{\"logistics\":false,\"restockNotification\":false,\"soldOut\":false}},{\"action\":{\"event\":{\"url\":\"vp/products/6304732510/vendoritems/91295034077\"},\"logging\":{\"alwaysSentLiveLog\":false,\"bypass\":{\"clickSchemas\":[{\"id\":\"5104\",\"mandatory\":{\"domain\":\"sdp\",\"logCategory\":\"event\",\"logType\":\"click\",\"pageName\":\"option_list\",\"eventName\":\"option_list_click\",\"sdpVisitKey\":\"ao0e3s1oeagjyuah6\",\"vendorItemId\":91295034077,\"searchId\":\"\",\"vendorItemIdAttributes\":\"320g_1개_unitPrice:514_vendorItemPrice:16460_deliveryType:3p_deliveryFee:0\"},\"version\":\"6\"}],\"exposureSchema\":{\"id\":\"5112\",\"mandatory\":{\"logCategory\":\"impression\",\"logType\":\"impression\",\"pageName\":\"option_list\",\"eventName\":\"option_list_item_impression\",\"domain\":\"sdp\",\"referSdpItem\":\"p6304732510_i26208186094_v83726045018\",\"sdpVisitKey\":\"ao0e3s1oeagjyuah6\",\"vendorItemId\":\"91295034077\",\"originalItemId\":26208186094,\"originalVendorItemId\":83726045018,\"searchId\":\"\",\"vendorItemIdAttributes\":\"320g_1개_unitPrice:514_vendorItemPrice:16460_deliveryType:3p_deliveryFee:0\"},\"version\":\"9\"}}}},\"deliveryInfo\":{\"deliveryDateDescriptions\":\"모레(금) 9/26 도착 예정 (판매자배송)\"},\"imageUrl\":\"//thumbnail7.coupangcdn.com/thumbnails/remote/164x164ex/image/vendor_inventory/fb5a/fb5ea764c43d7c2a020412c73cec0f214f004f428aa546cac702e06bc074.png\",\"itemBasicInfo\":{\"invalid\":false,\"itemId\":13055550171,\"itemImage\":{\"image\":{\"height\":72,\"url\":\"http://thumbnail7.coupangcdn.com/thumbnails/remote/164x164ex/image/vendor_inventory/fb5a/fb5ea764c43d7c2a020412c73cec0f214f004f428aa546cac702e06bc074.png\",\"width\":72}},\"itemName\":\"320g × 1개\",\"vendorItemId\":91295034077},\"priceInfo\":{\"finalDeliveryDescription\":\"무료배송\",\"finalPrice\":\"16,460원\",\"finalUnitPrice\":\"(10g당 514원)\"},\"stockInfo\":{\"logistics\":false,\"restockNotification\":false,\"soldOut\":false}},{\"action\":{\"event\":{\"url\":\"vp/products/6304732510/vendoritems/93187263905\"},\"logging\":{\"alwaysSentLiveLog\":false,\"bypass\":{\"clickSchemas\":[{\"id\":\"5104\",\"mandatory\":{\"domain\":\"sdp\",\"logCategory\":\"event\",\"logType\":\"click\",\"pageName\":\"option_list\",\"eventName\":\"option_list_click\",\"sdpVisitKey\":\"ao0e3s1oeagjyuah6\",\"vendorItemId\":93187263905,\"searchId\":\"\",\"vendorItemIdAttributes\":\"320g_2개_unitPrice:466_vendorItemPrice:29820_deliveryType:3p_deliveryFee:0\"},\"version\":\"6\"}],\"exposureSchema\":{\"id\":\"5112\",\"mandatory\":{\"logCategory\":\"impression\",\"logType\":\"impression\",\"pageName\":\"option_list\",\"eventName\":\"option_list_item_impression\",\"domain\":\"sdp\",\"referSdpItem\":\"p6304732510_i26208186094_v83726045018\",\"sdpVisitKey\":\"ao0e3s1oeagjyuah6\",\"vendorItemId\":\"93187263905\",\"originalItemId\":26208186094,\"originalVendorItemId\":83726045018,\"searchId\":\"\",\"vendorItemIdAttributes\":\"320g_2개_unitPrice:466_vendorItemPrice:29820_deliveryType:3p_deliveryFee:0\"},\"version\":\"9\"}}}},\"deliveryInfo\":{\"deliveryDateDescriptions\":\"모레(금) 9/26 도착 예정 (판매자배송)\"},\"imageUrl\":\"//thumbnail10.coupangcdn.com/thumbnails/remote/164x164ex/image/vendor_inventory/e1bf/efd3c9991e90a771d56139fe0a0819175bbb69e48369bec3488f5f606f02.jpeg\",\"itemBasicInfo\":{\"invalid\":false,\"itemId\":26188603994,\"itemImage\":{\"image\":{\"height\":72,\"url\":\"http://thumbnail10.coupangcdn.com/thumbnails/remote/164x164ex/image/vendor_inventory/e1bf/efd3c9991e90a771d56139fe0a0819175bbb69e48369bec3488f5f606f02.jpeg\",\"width\":72}},\"itemName\":\"320g × 2개\",\"vendorItemId\":93187263905},\"priceInfo\":{\"finalDeliveryDescription\":\"무료배송\",\"finalPrice\":\"29,820원\",\"finalUnitPrice\":\"(10g당 466원)\"},\"stockInfo\":{\"logistics\":false,\"restockNotification\":false,\"soldOut\":false}},{\"action\":{\"event\":{\"url\":\"vp/products/6304732510/vendoritems/93124619601\"},\"logging\":{\"alwaysSentLiveLog\":false,\"bypass\":{\"clickSchemas\":[{\"id\":\"5104\",\"mandatory\":{\"domain\":\"sdp\",\"logCategory\":\"event\",\"logType\":\"click\",\"pageName\":\"option_list\",\"eventName\":\"option_list_click\",\"sdpVisitKey\":\"ao0e3s1oeagjyuah6\",\"vendorItemId\":93124619601,\"searchId\":\"\",\"vendorItemIdAttributes\":\"320g_3개_unitPrice:465_vendorItemPrice:44680_deliveryType:3p_deliveryFee:0\"},\"version\":\"6\"}],\"exposureSchema\":{\"id\":\"5112\",\"mandatory\":{\"logCategory\":\"impression\",\"logType\":\"impression\",\"pageName\":\"option_list\",\"eventName\":\"option_list_item_impression\",\"domain\":\"sdp\",\"referSdpItem\":\"p6304732510_i26208186094_v83726045018\",\"sdpVisitKey\":\"ao0e3s1oeagjyuah6\",\"vendorItemId\":\"93124619601\",\"originalItemId\":26208186094,\"originalVendorItemId\":83726045018,\"searchId\":\"\",\"vendorItemIdAttributes\":\"320g_3개_unitPrice:465_vendorItemPrice:44680_deliveryType:3p_deliveryFee:0\"},\"version\":\"9\"}}}},\"deliveryInfo\":{\"deliveryDateDescriptions\":\"모레(금) 9/26 도착 예정 (판매자배송)\"},\"imageUrl\":\"//thumbnail10.coupangcdn.com/thumbnails/remote/164x164ex/image/vendor_inventory/e1bf/efd3c9991e90a771d56139fe0a0819175bbb69e48369bec3488f5f606f02.jpeg\",\"itemBasicInfo\":{\"invalid\":false,\"itemId\":16892205971,\"itemImage\":{\"image\":{\"height\":72,\"url\":\"http://thumbnail10.coupangcdn.com/thumbnails/remote/164x164ex/image/vendor_inventory/e1bf/efd3c9991e90a771d56139fe0a0819175bbb69e48369bec3488f5f606f02.jpeg\",\"width\":72}},\"itemName\":\"320g × 3개\",\"vendorItemId\":93124619601},\"priceInfo\":{\"finalDeliveryDescription\":\"무료배송\",\"finalPrice\":\"44,680원\",\"finalUnitPrice\":\"(10g당 465원)\"},\"stockInfo\":{\"logistics\":false,\"restockNotification\":false,\"soldOut\":false}}],\"titleName\":\"개당 중량 × 수량\",\"viewType\":\"PRODUCT_DETAIL_OPTION_LIST\"},{\"deliveryInfo\":{\"nonMemberDelivery\":{\"arrivalMessage\":[{\"color\":\"#212B36\",\"size\":14,\"text\":\"모레(금) 9/26 도착 예정\"}],\"shippingFeeTag\":[{\"bold\":true,\"color\":\"#212B36\",\"size\":14,\"text\":\"무료배송\"}]},\"wowMemberDelivery\":{\"arrivalMessage\":[{\"color\":\"#212B36\",\"size\":14,\"text\":\"모레(금) 9/26 도착 예정\"}],\"shippingFeeTag\":[{\"bold\":true,\"color\":\"#212B36\",\"size\":14,\"text\":\"무료배송\"}]}},\"itemInfo\":{\"itemId\":26208186094,\"itemName\":\"한미약품 추억의 텐텐 딸기맛 츄어블 멀티비타민 어린이영양제 딸기맛 40g 80정 1박스\",\"productId\":6304732510,\"thumbnailImage\":{\"height\":60,\"url\":\"https://image7.coupangcdn.com/image/vendor_inventory/844f/9f3832c7ce09599e368fad42b2f4ca5178c971284aa14bc8fed931590a6e.jpg\",\"width\":60},\"vendorItemId\":83726045018},\"priceInfo\":{\"finalPrice\":{\"applicable\":true,\"displayPrice\":\"19,020원\",\"price\":19020},\"finalPriceDiscountRate\":36,\"originalPrice\":{\"applicable\":true,\"displayPrice\":\"30,000원\",\"price\":30000}},\"viewType\":\"PRODUCT_DETAIL_HANDLEBAR_BASE_INFO\"},{\"pddList\":[{\"arrivalDate\":1758898799999,\"arrivalMessage\":\"모레(금) 9/26 도착 예정\",\"deliveryChargeType\":\"FREE\",\"deliveryCompany\":\"CJ 대한통운\",\"freeShippingThreshold\":0,\"is3pDelivery\":true,\"wowArrivalDate\":1758898799999,\"wowShippingSpeed\":\"STANDARD\"}],\"viewType\":\"PRODUCT_DETAIL_DELIVERY_INFO\"},{\"sellerInfo\":{\"sellerName\":\"주식회사 신세계메디팜\",\"sellerNameLabel\":\"판매자: \"},\"viewType\":\"PRODUCT_DETAIL_SELLER_INFO\"}],\"price\":{\"cashPromotionMessage\":null,\"couponDiscountAmount\":null,\"couponPrice\":\"19,020\",\"couponPriceTitle\":\"\",\"couponUnitPrice\":\"10g당 5,943,750원\",\"description\":null,\"discountRate\":\"36\",\"finalPrice\":\"19,020\",\"gppuPricePolicy\":[{\"description\":\"업체의 권장소비자가 또는 공식 판매처 판매가 또는 도서 정가(도서 정가제 대상인 경우)입니다. 해당 가격이 없는 경우 90일 내 쿠팡에서 판매된 가격 중 가장 높은 가격을 표시합니다.\",\"priceInfo\":\"\u003cspan class='discount-rate'\u003e36%\u003c/span\u003e\u003cspan class='origin-price'\u003e30,000원\u003c/span\u003e\"}],\"hasNormalCouponDiscount\":false,\"hasNormalInstantDiscount\":false,\"hasWowCouponDiscount\":false,\"hasWowInstantDiscount\":false,\"i18nCouponDiscountAmount\":null,\"i18nCouponPrice\":{\"amount\":\"19020\",\"currency\":\"KRW\",\"fractionDigits\":0,\"rawAmount\":null},\"i18nOriginPrice\":{\"amount\":\"30000\",\"currency\":\"KRW\",\"fractionDigits\":0,\"rawAmount\":null},\"i18nPriceAmount\":null,\"i18nSalePrice\":{\"amount\":\"19020\",\"currency\":\"KRW\",\"fractionDigits\":0,\"rawAmount\":null},\"instantDiscount\":false,\"instantPriceType\":null,\"loyaltyButtonText\":null,\"loyaltyRegistrationUrl\":null,\"originPrice\":\"30,000\",\"originalPriceDesc\":null,\"priceAmount\":null,\"salePrice\":\"19,020\",\"salePriceTitle\":\"\",\"saleUnitPrice\":\"10g당 5,943,750원\",\"title\":null,\"type\":null,\"unitDiscountRate\":null,\"unitPrice\":null,\"wowCouponDiscount\":false},\"priceList\":[{\"cashPromotionMessage\":null,\"couponDiscountAmount\":null,\"couponPrice\":null,\"couponPriceTitle\":null,\"couponUnitPrice\":null,\"description\":null,\"discountRate\":null,\"finalPrice\":null,\"gppuPricePolicy\":null,\"hasNormalCouponDiscount\":false,\"hasNormalInstantDiscount\":false,\"hasWowCouponDiscount\":false,\"hasWowInstantDiscount\":false,\"i18nCouponDiscountAmount\":null,\"i18nCouponPrice\":null,\"i18nOriginPrice\":null,\"i18nPriceAmount\":{\"amount\":\"19020\",\"currency\":\"KRW\",\"fractionDigits\":0,\"rawAmount\":null},\"i18nSalePrice\":null,\"instantDiscount\":null,\"instantPriceType\":null,\"loyaltyButtonText\":null,\"loyaltyRegistrationUrl\":null,\"originPrice\":null,\"originalPriceDesc\":null,\"priceAmount\":\"19,020\",\"salePrice\":null,\"salePriceTitle\":null,\"saleUnitPrice\":null,\"title\":\"쿠팡판매가\",\"type\":\"SALES\",\"unitDiscountRate\":null,\"unitPrice\":\"10g당 5,943,750원\",\"wowCouponDiscount\":false}],\"priceUnit\":\"원\",\"quantity\":1,\"quantityLimitationVO\":null,\"selectedIndex\":0,\"shipmentDisplayType\":\"NORMAL\",\"shippingFee\":{\"dividerIcon\":null,\"extremeMessage\":null,\"freeShippingConditionMessage\":null,\"message\":\"\u003cem class='prod-txt-bold'\u003e무료배송\u003c/em\u003e\",\"popupFreeShippingConditionMessage\":null,\"returnFeeMessage\":null,\"shippingFee\":\"0\",\"shippingFeeIcon\":null,\"shippingFeeType\":\"FREE\",\"title\":null,\"titleIcon\":null},\"shippingFeeList\":[{\"dividerIcon\":null,\"extremeMessage\":null,\"freeShippingConditionMessage\":null,\"message\":\"\u003cem class='prod-txt-bold'\u003e무료배송\u003c/em\u003e\",\"popupFreeShippingConditionMessage\":null,\"returnFeeMessage\":null,\"shippingFee\":null,\"shippingFeeIcon\":null,\"shippingFeeType\":\"FREE\",\"title\":null,\"titleIcon\":null}],\"subscriptionDelivery\":null,\"subscriptionDiscountRate\":-1,\"subscriptionPrice\":null,\"subscriptionPriceList\":[],\"wowOnlyInstantDiscountRate\":0}],\"restockNotification\":false,\"retail\":false,\"rocketLuxuryDisclaimer\":null,\"roleCode\":null,\"ruleBasedTitle\":null,\"sellingInfoVo\":null,\"shippingConsolidationLink\":null,\"soldOut\":false,\"stickBanners\":null,\"subscribeInfo\":null,\"summary\":null,\"supplier\":null,\"topSellingInfo\":null,\"used\":false,\"vendor\":null,\"vendorItemId\":83726045018,\"warrantyServiceVo\":null,\"wishList\":false},\"3162825992,1626146084\":{\"additionalData\":null,\"almostSoldOut\":false,\"apiUrlMap\":{\"addToCartUrl\":\"coupang://addCart?itemId=20936775203\u0026productId=6304732510\u0026vendorItemId=88552858866\u0026sourceType=offerDetail\u0026price=9310\u0026sdpVisitKey=\u0026isLoser=false\u0026offerStatus=NEW\",\"shippingConsolidationUrl\":\"/vp/products/6304732510/vendor-items/88552858866/shipping-consolidation-widget-v2?vendorId=A01002635\u0026shippingPlaceId=17593520\"},\"attributeTitle\":null,\"authenticity\":null,\"authors\":null,\"badgeMap\":{},\"bizBadge\":null,\"blockInfo\":null,\"bundleOption\":null,\"buyableQuantity\":2,\"cashBackSummary\":null,\"ccidEligible\":false,\"ccidInfo\":null,\"couponList\":null,\"dawnOnly\":false,\"deliveryAttribute\":false,\"discountBenefitDescription\":null,\"discountBenefitDescriptionList\":null,\"easePayment\":null,\"freshEligible\":false,\"giftcard\":false,\"globalCCIDInfo\":null,\"globalInstallmentInfo\":null,\"goldFish\":false,\"highlights\":null,\"images\":[{\"detailImage\":\"//thumbnail.coupangcdn.com/thumbnails/remote/492x492ex/image/vendor_inventory/c55d/b5a7c6f8d83fbba79baba7ad6614a529635a03527f8d4ec6d539b21cec48.png\",\"origin\":\"//image.coupangcdn.com/image/vendor_inventory/c55d/b5a7c6f8d83fbba79baba7ad6614a529635a03527f8d4ec6d539b21cec48.png\",\"preloadImage\":\"//thumbnail.coupangcdn.com/thumbnails/remote/230x230ex/image/vendor_inventory/c55d/b5a7c6f8d83fbba79baba7ad6614a529635a03527f8d4ec6d539b21cec48.png\",\"thumbnailImage\":\"//thumbnail.coupangcdn.com/thumbnails/remote/48x48ex/image/vendor_inventory/c55d/b5a7c6f8d83fbba79baba7ad6614a529635a03527f8d4ec6d539b21cec48.png\"},{\"detailImage\":\"//thumbnail.coupangcdn.com/thumbnails/remote/492x492ex/image/vendor_inventory/6df5/013e7909e6e5b92488d9ee42e22a181c87f4426c092f0d41cab831614824.jpg\",\"origin\":\"//image.coupangcdn.com/image/vendor_inventory/6df5/013e7909e6e5b92488d9ee42e22a181c87f4426c092f0d41cab831614824.jpg\",\"preloadImage\":\"//thumbnail.coupangcdn.com/thumbnails/remote/230x230ex/image/vendor_inventory/6df5/013e7909e6e5b92488d9ee42e22a181c87f4426c092f0d41cab831614824.jpg\",\"thumbnailImage\":\"//thumbnail.coupangcdn.com/thumbnails/remote/48x48ex/image/vendor_inventory/6df5/013e7909e6e5b92488d9ee42e22a181c87f4426c092f0d41cab831614824.jpg\"}],\"invalid\":false,\"inventory\":null,\"itemId\":20936775203,\"itemName\":\"한미 추억의 텐텐 4봉지 (총 40정), 40g, 4개\",\"limitNoticeVo\":null,\"linkedVendorItemInfo\":null,\"luxuryDiscountBenefit\":null,\"memberInfo\":null,\"offerBanner\":null,\"offerDescription\":null,\"otherSellerCount\":null,\"parentItemId\":null,\"preOrderVo\":null,\"quantityBase\":[{\"abFlags\":{\"applyExtremeProminenceFreeDeliveryMessages\":\"A\",\"jikgu1PWarrantyAB\":\"NOT_APPLICABLE\"},\"appliedCoupon\":null,\"benefitDisplayType\":null,\"bundleOption\":null,\"cashBackSummary\":null,\"delivery\":{\"badgeUrl\":null,\"company\":null,\"companyLabel\":null,\"countDownMessage\":null,\"countDownMillisecond\":null,\"delayMessage\":null,\"deliveryExtraInfo\":null,\"deliveryNotice\":null,\"deliveryReminderMessage\":null,\"descriptionBadge\":null,\"descriptionIcon\":null,\"descriptions\":\"\u003cem class='prod-txt-onyx prod-txt-font-14'\u003e모레(금) 9/26\u003c/em\u003e\u003cem class='prod-txt-onyx'\u003e 도착 예정 (판매자배송)\u003c/em\u003e\",\"extremeDescriptions\":null,\"hideQuestionMark\":false,\"logistics\":false,\"loyaltyButtonText\":null,\"rocketWowQuestionMark\":false,\"speedType\":null,\"title\":null,\"type\":\"VENDOR_DELIVERY\"},\"deliveryList\":[{\"badgeUrl\":null,\"company\":null,\"companyLabel\":null,\"countDownMessage\":null,\"countDownMillisecond\":null,\"delayMessage\":null,\"deliveryExtraInfo\":null,\"deliveryNotice\":null,\"deliveryReminderMessage\":null,\"descriptionBadge\":null,\"descriptionIcon\":null,\"descriptions\":\"\u003cem class='prod-txt-onyx prod-txt-font-14'\u003e모레(금) 9/26\u003c/em\u003e\u003cem class='prod-txt-onyx'\u003e 도착 예정 (판매자배송)\u003c/em\u003e\",\"extremeDescriptions\":null,\"hideQuestionMark\":false,\"logistics\":false,\"loyaltyButtonText\":null,\"rocketWowQuestionMark\":false,\"speedType\":null,\"title\":null,\"type\":\"VENDOR_DELIVERY\"}],\"freebieBenefit\":null,\"freebieBenefitV2\":null,\"freebiePromotions\":null,\"moduleData\":null,\"price\":{\"cashPromotionMessage\":null,\"couponDiscountAmount\":null,\"couponPrice\":\"9,310\",\"couponPriceTitle\":\"\",\"couponUnitPrice\":\"10g당 582원\",\"description\":null,\"discountRate\":null,\"finalPrice\":\"9,310\",\"gppuPricePolicy\":null,\"hasNormalCouponDiscount\":false,\"hasNormalInstantDiscount\":false,\"hasWowCouponDiscount\":false,\"hasWowInstantDiscount\":false,\"i18nCouponDiscountAmount\":null,\"i18nCouponPrice\":{\"amount\":\"9310\",\"currency\":\"KRW\",\"fractionDigits\":0,\"rawAmount\":null},\"i18nOriginPrice\":null,\"i18nPriceAmount\":null,\"i18nSalePrice\":{\"amount\":\"9310\",\"currency\":\"KRW\",\"fractionDigits\":0,\"rawAmount\":null},\"instantDiscount\":false,\"instantPriceType\":null,\"loyaltyButtonText\":null,\"loyaltyRegistrationUrl\":null,\"originPrice\":null,\"originalPriceDesc\":\"\",\"priceAmount\":null,\"salePrice\":\"9,310\",\"salePriceTitle\":\"\",\"saleUnitPrice\":\"10g당 582원\",\"title\":null,\"type\":null,\"unitDiscountRate\":null,\"unitPrice\":null,\"wowCouponDiscount\":false},\"priceList\":[{\"cashPromotionMessage\":null,\"couponDiscountAmount\":null,\"couponPrice\":null,\"couponPriceTitle\":null,\"couponUnitPrice\":null,\"description\":null,\"discountRate\":null,\"finalPrice\":null,\"gppuPricePolicy\":null,\"hasNormalCouponDiscount\":false,\"hasNormalInstantDiscount\":false,\"hasWowCouponDiscount\":false,\"hasWowInstantDiscount\":false,\"i18nCouponDiscountAmount\":null,\"i18nCouponPrice\":null,\"i18nOriginPrice\":null,\"i18nPriceAmount\":{\"amount\":\"9310\",\"currency\":\"KRW\",\"fractionDigits\":0,\"rawAmount\":null},\"i18nSalePrice\":null,\"instantDiscount\":null,\"instantPriceType\":null,\"loyaltyButtonText\":null,\"loyaltyRegistrationUrl\":null,\"originPrice\":null,\"originalPriceDesc\":null,\"priceAmount\":\"9,310\",\"salePrice\":null,\"salePriceTitle\":null,\"saleUnitPrice\":null,\"title\":\"쿠팡판매가\",\"type\":\"SALES\",\"unitDiscountRate\":null,\"unitPrice\":\"10g당 582원\",\"wowCouponDiscount\":false}],\"priceUnit\":\"원\",\"quantity\":1,\"quantityLimitationVO\":null,\"selectedIndex\":0,\"shipmentDisplayType\":\"NORMAL\",\"shippingFee\":{\"dividerIcon\":null,\"extremeMessage\":null,\"freeShippingConditionMessage\":null,\"message\":\"\u003cem class='prod-txt-bold'\u003e무료배송\u003c/em\u003e\",\"popupFreeShippingConditionMessage\":null,\"returnFeeMessage\":null,\"shippingFee\":\"0\",\"shippingFeeIcon\":null,\"shippingFeeType\":\"FREE\",\"title\":null,\"titleIcon\":null},\"shippingFeeList\":[{\"dividerIcon\":null,\"extremeMessage\":null,\"freeShippingConditionMessage\":null,\"message\":\"\u003cem class='prod-txt-bold'\u003e무료배송\u003c/em\u003e\",\"popupFreeShippingConditionMessage\":null,\"returnFeeMessage\":null,\"shippingFee\":null,\"shippingFeeIcon\":null,\"shippingFeeType\":\"FREE\",\"title\":null,\"titleIcon\":null}],\"subscriptionDelivery\":null,\"subscriptionDiscountRate\":-1,\"subscriptionPrice\":null,\"subscriptionPriceList\":[],\"wowOnlyInstantDiscountRate\":0}],\"restockNotification\":false,\"retail\":false,\"rocketLuxuryDisclaimer\":null,\"roleCode\":null,\"ruleBasedTitle\":null,\"sellingInfoVo\":null,\"shippingConsolidationLink\":null,\"soldOut\":false,\"stickBanners\":null,\"subscribeInfo\":null,\"summary\":null,\"supplier\":null,\"topSellingInfo\":null,\"used\":false,\"vendor\":null,\"vendorItemId\":88552858866,\"warrantyServiceVo\":null,\"wishList\":false},\"3558295769,1626146053\":{\"additionalData\":null,\"almostSoldOut\":false,\"apiUrlMap\":{\"addToCartUrl\":\"coupang://addCart?itemId=16892205971\u0026productId=6304732510\u0026vendorItemId=93124619601\u0026sourceType=offerDetail\u0026price=44680\u0026sdpVisitKey=\u0026isLoser=false\u0026offerStatus=NEW\",\"shippingConsolidationUrl\":\"/vp/products/6304732510/vendor-items/93124619601/shipping-consolidation-widget-v2?vendorId=A01002635\u0026shippingPlaceId=17593520\"},\"attributeTitle\":null,\"authenticity\":null,\"authors\":null,\"badgeMap\":{},\"bizBadge\":null,\"blockInfo\":null,\"bundleOption\":null,\"buyableQuantity\":1,\"cashBackSummary\":null,\"ccidEligible\":false,\"ccidInfo\":null,\"couponList\":null,\"dawnOnly\":false,\"deliveryAttribute\":false,\"discountBenefitDescription\":null,\"discountBenefitDescriptionList\":null,\"easePayment\":null,\"freshEligible\":false,\"giftcard\":false,\"globalCCIDInfo\":null,\"globalInstallmentInfo\":null,\"goldFish\":false,\"highlights\":null,\"images\":[{\"detailImage\":\"//thumbnail.coupangcdn.com/thumbnails/remote/492x492ex/image/vendor_inventory/e1bf/efd3c9991e90a771d56139fe0a0819175bbb69e48369bec3488f5f606f02.jpeg\",\"origin\":\"//image.coupangcdn.com/image/vendor_inventory/e1bf/efd3c9991e90a771d56139fe0a0819175bbb69e48369bec3488f5f606f02.jpeg\",\"preloadImage\":\"//thumbnail.coupangcdn.com/thumbnails/remote/230x230ex/image/vendor_inventory/e1bf/efd3c9991e90a771d56139fe0a0819175bbb69e48369bec3488f5f606f02.jpeg\",\"thumbnailImage\":\"//thumbnail.coupangcdn.com/thumbnails/remote/48x48ex/image/vendor_inventory/e1bf/efd3c9991e90a771d56139fe0a0819175bbb69e48369bec3488f5f606f02.jpeg\"}],\"invalid\":false,\"inventory\":null,\"itemId\":16892205971,\"itemName\":\"추억의 텐텐 영양제 츄정 딸기맛 카라멜 1박스 80정 한미 성장기 어린이 영양제 텐텐 멀티비타민 종합비타민 츄정, 320g, 3개\",\"limitNoticeVo\":null,\"linkedVendorItemInfo\":null,\"luxuryDiscountBenefit\":null,\"memberInfo\":null,\"offerBanner\":null,\"offerDescription\":null,\"otherSellerCount\":null,\"parentItemId\":null,\"preOrderVo\":null,\"quantityBase\":[{\"abFlags\":{\"applyExtremeProminenceFreeDeliveryMessages\":\"A\",\"jikgu1PWarrantyAB\":\"NOT_APPLICABLE\"},\"appliedCoupon\":null,\"benefitDisplayType\":null,\"bundleOption\":null,\"cashBackSummary\":null,\"delivery\":{\"badgeUrl\":null,\"company\":null,\"companyLabel\":null,\"countDownMessage\":null,\"countDownMillisecond\":null,\"delayMessage\":null,\"deliveryExtraInfo\":null,\"deliveryNotice\":null,\"deliveryReminderMessage\":null,\"descriptionBadge\":null,\"descriptionIcon\":null,\"descriptions\":\"\u003cem class='prod-txt-onyx prod-txt-font-14'\u003e모레(금) 9/26\u003c/em\u003e\u003cem class='prod-txt-onyx'\u003e 도착 예정 (판매자배송)\u003c/em\u003e\",\"extremeDescriptions\":null,\"hideQuestionMark\":false,\"logistics\":false,\"loyaltyButtonText\":null,\"rocketWowQuestionMark\":false,\"speedType\":null,\"title\":null,\"type\":\"VENDOR_DELIVERY\"},\"deliveryList\":[{\"badgeUrl\":null,\"company\":null,\"companyLabel\":null,\"countDownMessage\":null,\"countDownMillisecond\":null,\"delayMessage\":null,\"deliveryExtraInfo\":null,\"deliveryNotice\":null,\"deliveryReminderMessage\":null,\"descriptionBadge\":null,\"descriptionIcon\":null,\"descriptions\":\"\u003cem class='prod-txt-onyx prod-txt-font-14'\u003e모레(금) 9/26\u003c/em\u003e\u003cem class='prod-txt-onyx'\u003e 도착 예정 (판매자배송)\u003c/em\u003e\",\"extremeDescriptions\":null,\"hideQuestionMark\":false,\"logistics\":false,\"loyaltyButtonText\":null,\"rocketWowQuestionMark\":false,\"speedType\":null,\"title\":null,\"type\":\"VENDOR_DELIVERY\"}],\"freebieBenefit\":null,\"freebieBenefitV2\":null,\"freebiePromotions\":null,\"moduleData\":null,\"price\":{\"cashPromotionMessage\":null,\"couponDiscountAmount\":null,\"couponPrice\":\"44,680\",\"couponPriceTitle\":\"\",\"couponUnitPrice\":\"10g당 465원\",\"description\":null,\"discountRate\":null,\"finalPrice\":\"44,680\",\"gppuPricePolicy\":null,\"hasNormalCouponDiscount\":false,\"hasNormalInstantDiscount\":false,\"hasWowCouponDiscount\":false,\"hasWowInstantDiscount\":false,\"i18nCouponDiscountAmount\":null,\"i18nCouponPrice\":{\"amount\":\"44680\",\"currency\":\"KRW\",\"fractionDigits\":0,\"rawAmount\":null},\"i18nOriginPrice\":null,\"i18nPriceAmount\":null,\"i18nSalePrice\":{\"amount\":\"44680\",\"currency\":\"KRW\",\"fractionDigits\":0,\"rawAmount\":null},\"instantDiscount\":false,\"instantPriceType\":null,\"loyaltyButtonText\":null,\"loyaltyRegistrationUrl\":null,\"originPrice\":null,\"originalPriceDesc\":\"\",\"priceAmount\":null,\"salePrice\":\"44,680\",\"salePriceTitle\":\"\",\"saleUnitPrice\":\"10g당 465원\",\"title\":null,\"type\":null,\"unitDiscountRate\":null,\"unitPrice\":null,\"wowCouponDiscount\":false},\"priceList\":[{\"cashPromotionMessage\":null,\"couponDiscountAmount\":null,\"couponPrice\":null,\"couponPriceTitle\":null,\"couponUnitPrice\":null,\"description\":null,\"discountRate\":null,\"finalPrice\":null,\"gppuPricePolicy\":null,\"hasNormalCouponDiscount\":false,\"hasNormalInstantDiscount\":false,\"hasWowCouponDiscount\":false,\"hasWowInstantDiscount\":false,\"i18nCouponDiscountAmount\":null,\"i18nCouponPrice\":null,\"i18nOriginPrice\":null,\"i18nPriceAmount\":{\"amount\":\"44680\",\"currency\":\"KRW\",\"fractionDigits\":0,\"rawAmount\":null},\"i18nSalePrice\":null,\"instantDiscount\":null,\"instantPriceType\":null,\"loyaltyButtonText\":null,\"loyaltyRegistrationUrl\":null,\"originPrice\":null,\"originalPriceDesc\":null,\"priceAmount\":\"44,680\",\"salePrice\":null,\"salePriceTitle\":null,\"saleUnitPrice\":null,\"title\":\"쿠팡판매가\",\"type\":\"SALES\",\"unitDiscountRate\":null,\"unitPrice\":\"10g당 465원\",\"wowCouponDiscount\":false}],\"priceUnit\":\"원\",\"quantity\":1,\"quantityLimitationVO\":null,\"selectedIndex\":0,\"shipmentDisplayType\":\"NORMAL\",\"shippingFee\":{\"dividerIcon\":null,\"extremeMessage\":null,\"freeShippingConditionMessage\":null,\"message\":\"\u003cem class='prod-txt-bold'\u003e무료배송\u003c/em\u003e\",\"popupFreeShippingConditionMessage\":null,\"returnFeeMessage\":null,\"shippingFee\":\"0\",\"shippingFeeIcon\":null,\"shippingFeeType\":\"FREE\",\"title\":null,\"titleIcon\":null},\"shippingFeeList\":[{\"dividerIcon\":null,\"extremeMessage\":null,\"freeShippingConditionMessage\":null,\"message\":\"\u003cem class='prod-txt-bold'\u003e무료배송\u003c/em\u003e\",\"popupFreeShippingConditionMessage\":null,\"returnFeeMessage\":null,\"shippingFee\":null,\"shippingFeeIcon\":null,\"shippingFeeType\":\"FREE\",\"title\":null,\"titleIcon\":null}],\"subscriptionDelivery\":null,\"subscriptionDiscountRate\":-1,\"subscriptionPrice\":null,\"subscriptionPriceList\":[],\"wowOnlyInstantDiscountRate\":0}],\"restockNotification\":false,\"retail\":false,\"rocketLuxuryDisclaimer\":null,\"roleCode\":null,\"ruleBasedTitle\":null,\"sellingInfoVo\":null,\"shippingConsolidationLink\":null,\"soldOut\":false,\"stickBanners\":null,\"subscribeInfo\":null,\"summary\":null,\"supplier\":null,\"topSellingInfo\":null,\"used\":false,\"vendor\":null,\"vendorItemId\":93124619601,\"warrantyServiceVo\":null,\"wishList\":false},\"3162825992,1626146053\":{\"additionalData\":null,\"almostSoldOut\":false,\"apiUrlMap\":{\"addToCartUrl\":\"coupang://addCart?itemId=20936775200\u0026productId=6304732510\u0026vendorItemId=88552858873\u0026sourceType=offerDetail\u0026price=8060\u0026sdpVisitKey=\u0026isLoser=false\u0026offerStatus=NEW\",\"shippingConsolidationUrl\":\"/vp/products/6304732510/vendor-items/88552858873/shipping-consolidation-widget-v2?vendorId=A01002635\u0026shippingPlaceId=17593520\"},\"attributeTitle\":null,\"authenticity\":null,\"authors\":null,\"badgeMap\":{},\"bizBadge\":null,\"blockInfo\":null,\"bundleOption\":null,\"buyableQuantity\":2,\"cashBackSummary\":null,\"ccidEligible\":false,\"ccidInfo\":null,\"couponList\":null,\"dawnOnly\":false,\"deliveryAttribute\":false,\"discountBenefitDescription\":null,\"discountBenefitDescriptionList\":null,\"easePayment\":null,\"freshEligible\":false,\"giftcard\":false,\"globalCCIDInfo\":null,\"globalInstallmentInfo\":null,\"goldFish\":false,\"highlights\":null,\"images\":[{\"detailImage\":\"//thumbnail.coupangcdn.com/thumbnails/remote/492x492ex/image/vendor_inventory/3fca/d29a6939076afcf00185ec5c500aa9453476c672a6c92b9778ca10f0189e.png\",\"origin\":\"//image.coupangcdn.com/image/vendor_inventory/3fca/d29a6939076afcf00185ec5c500aa9453476c672a6c92b9778ca10f0189e.png\",\"preloadImage\":\"//thumbnail.coupangcdn.com/thumbnails/remote/230x230ex/image/vendor_inventory/3fca/d29a6939076afcf00185ec5c500aa9453476c672a6c92b9778ca10f0189e.png\",\"thumbnailImage\":\"//thumbnail.coupangcdn.com/thumbnails/remote/48x48ex/image/vendor_inventory/3fca/d29a6939076afcf00185ec5c500aa9453476c672a6c92b9778ca10f0189e.png\"},{\"detailImage\":\"//thumbnail.coupangcdn.com/thumbnails/remote/492x492ex/image/vendor_inventory/6df5/013e7909e6e5b92488d9ee42e22a181c87f4426c092f0d41cab831614824.jpg\",\"origin\":\"//image.coupangcdn.com/image/vendor_inventory/6df5/013e7909e6e5b92488d9ee42e22a181c87f4426c092f0d41cab831614824.jpg\",\"preloadImage\":\"//thumbnail.coupangcdn.com/thumbnails/remote/230x230ex/image/vendor_inventory/6df5/013e7909e6e5b92488d9ee42e22a181c87f4426c092f0d41cab831614824.jpg\",\"thumbnailImage\":\"//thumbnail.coupangcdn.com/thumbnails/remote/48x48ex/image/vendor_inventory/6df5/013e7909e6e5b92488d9ee42e22a181c87f4426c092f0d41cab831614824.jpg\"}],\"invalid\":false,\"inventory\":null,\"itemId\":20936775200,\"itemName\":\"한미 추억의 미니 텐텐 츄정 1봉지 10정, 40g, 3개\",\"limitNoticeVo\":null,\"linkedVendorItemInfo\":null,\"luxuryDiscountBenefit\":null,\"memberInfo\":null,\"offerBanner\":null,\"offerDescription\":null,\"otherSellerCount\":null,\"parentItemId\":null,\"preOrderVo\":null,\"quantityBase\":[{\"abFlags\":{\"applyExtremeProminenceFreeDeliveryMessages\":\"A\",\"jikgu1PWarrantyAB\":\"NOT_APPLICABLE\"},\"appliedCoupon\":null,\"benefitDisplayType\":null,\"bundleOption\":null,\"cashBackSummary\":null,\"delivery\":{\"badgeUrl\":null,\"company\":null,\"companyLabel\":null,\"countDownMessage\":null,\"countDownMillisecond\":null,\"delayMessage\":null,\"deliveryExtraInfo\":null,\"deliveryNotice\":null,\"deliveryReminderMessage\":null,\"descriptionBadge\":null,\"descriptionIcon\":null,\"descriptions\":\"\u003cem class='prod-txt-onyx prod-txt-font-14'\u003e모레(금) 9/26\u003c/em\u003e\u003cem class='prod-txt-onyx'\u003e 도착 예정 (판매자배송)\u003c/em\u003e\",\"extremeDescriptions\":null,\"hideQuestionMark\":false,\"logistics\":false,\"loyaltyButtonText\":null,\"rocketWowQuestionMark\":false,\"speedType\":null,\"title\":null,\"type\":\"VENDOR_DELIVERY\"},\"deliveryList\":[{\"badgeUrl\":null,\"company\":null,\"companyLabel\":null,\"countDownMessage\":null,\"countDownMillisecond\":null,\"delayMessage\":null,\"deliveryExtraInfo\":null,\"deliveryNotice\":null,\"deliveryReminderMessage\":null,\"descriptionBadge\":null,\"descriptionIcon\":null,\"descriptions\":\"\u003cem class='prod-txt-onyx prod-txt-font-14'\u003e모레(금) 9/26\u003c/em\u003e\u003cem class='prod-txt-onyx'\u003e 도착 예정 (판매자배송)\u003c/em\u003e\",\"extremeDescriptions\":null,\"hideQuestionMark\":false,\"logistics\":false,\"loyaltyButtonText\":null,\"rocketWowQuestionMark\":false,\"speedType\":null,\"title\":null,\"type\":\"VENDOR_DELIVERY\"}],\"freebieBenefit\":null,\"freebieBenefitV2\":null,\"freebiePromotions\":null,\"moduleData\":null,\"price\":{\"cashPromotionMessage\":null,\"couponDiscountAmount\":null,\"couponPrice\":\"8,060\",\"couponPriceTitle\":\"\",\"couponUnitPrice\":\"10g당 672원\",\"description\":null,\"discountRate\":null,\"finalPrice\":\"8,060\",\"gppuPricePolicy\":null,\"hasNormalCouponDiscount\":false,\"hasNormalInstantDiscount\":false,\"hasWowCouponDiscount\":false,\"hasWowInstantDiscount\":false,\"i18nCouponDiscountAmount\":null,\"i18nCouponPrice\":{\"amount\":\"8060\",\"currency\":\"KRW\",\"fractionDigits\":0,\"rawAmount\":null},\"i18nOriginPrice\":null,\"i18nPriceAmount\":null,\"i18nSalePrice\":{\"amount\":\"8060\",\"currency\":\"KRW\",\"fractionDigits\":0,\"rawAmount\":null},\"instantDiscount\":false,\"instantPriceType\":null,\"loyaltyButtonText\":null,\"loyaltyRegistrationUrl\":null,\"originPrice\":null,\"originalPriceDesc\":\"\",\"priceAmount\":null,\"salePrice\":\"8,060\",\"salePriceTitle\":\"\",\"saleUnitPrice\":\"10g당 672원\",\"title\":null,\"type\":null,\"unitDiscountRate\":null,\"unitPrice\":null,\"wowCouponDiscount\":false},\"priceList\":[{\"cashPromotionMessage\":null,\"couponDiscountAmount\":null,\"couponPrice\":null,\"couponPriceTitle\":null,\"couponUnitPrice\":null,\"description\":null,\"discountRate\":null,\"finalPrice\":null,\"gppuPricePolicy\":null,\"hasNormalCouponDiscount\":false,\"hasNormalInstantDiscount\":false,\"hasWowCouponDiscount\":false,\"hasWowInstantDiscount\":false,\"i18nCouponDiscountAmount\":null,\"i18nCouponPrice\":null,\"i18nOriginPrice\":null,\"i18nPriceAmount\":{\"amount\":\"8060\",\"currency\":\"KRW\",\"fractionDigits\":0,\"rawAmount\":null},\"i18nSalePrice\":null,\"instantDiscount\":null,\"instantPriceType\":null,\"loyaltyButtonText\":null,\"loyaltyRegistrationUrl\":null,\"originPrice\":null,\"originalPriceDesc\":null,\"priceAmount\":\"8,060\",\"salePrice\":null,\"salePriceTitle\":null,\"saleUnitPrice\":null,\"title\":\"쿠팡판매가\",\"type\":\"SALES\",\"unitDiscountRate\":null,\"unitPrice\":\"10g당 672원\",\"wowCouponDiscount\":false}],\"priceUnit\":\"원\",\"quantity\":1,\"quantityLimitationVO\":null,\"selectedIndex\":0,\"shipmentDisplayType\":\"NORMAL\",\"shippingFee\":{\"dividerIcon\":null,\"extremeMessage\":null,\"freeShippingConditionMessage\":null,\"message\":\"\u003cem class='prod-txt-bold'\u003e무료배송\u003c/em\u003e\",\"popupFreeShippingConditionMessage\":null,\"returnFeeMessage\":null,\"shippingFee\":\"0\",\"shippingFeeIcon\":null,\"shippingFeeType\":\"FREE\",\"title\":null,\"titleIcon\":null},\"shippingFeeList\":[{\"dividerIcon\":null,\"extremeMessage\":null,\"freeShippingConditionMessage\":null,\"message\":\"\u003cem class='prod-txt-bold'\u003e무료배송\u003c/em\u003e\",\"popupFreeShippingConditionMessage\":null,\"returnFeeMessage\":null,\"shippingFee\":null,\"shippingFeeIcon\":null,\"shippingFeeType\":\"FREE\",\"title\":null,\"titleIcon\":null}],\"subscriptionDelivery\":null,\"subscriptionDiscountRate\":-1,\"subscriptionPrice\":null,\"subscriptionPriceList\":[],\"wowOnlyInstantDiscountRate\":0}],\"restockNotification\":false,\"retail\":false,\"rocketLuxuryDisclaimer\":null,\"roleCode\":null,\"ruleBasedTitle\":null,\"sellingInfoVo\":null,\"shippingConsolidationLink\":null,\"soldOut\":false,\"stickBanners\":null,\"subscribeInfo\":null,\"summary\":null,\"supplier\":null,\"topSellingInfo\":null,\"used\":false,\"vendor\":null,\"vendorItemId\":88552858873,\"warrantyServiceVo\":null,\"wishList\":false}},\"ceInstantOptionPickerTarget\":false,\"instantOptionShow\":false,\"laptopInstantOptionPickerTarget\":false,\"optionRows\":[{\"attributes\":[{\"bundleOptionMsg\":null,\"image\":null,\"name\":\"0.032g × 1개\",\"selected\":true,\"valueId\":\"638636537,1626145991\"},{\"bundleOptionMsg\":null,\"image\":null,\"name\":\"40g × 1개\",\"selected\":false,\"valueId\":\"3162825992,1626145991\"},{\"bundleOptionMsg\":null,\"image\":null,\"name\":\"40g × 3개\",\"selected\":false,\"valueId\":\"3162825992,1626146053\"},{\"bundleOptionMsg\":null,\"image\":null,\"name\":\"40g × 4개\",\"selected\":false,\"valueId\":\"3162825992,1626146084\"},{\"bundleOptionMsg\":null,\"image\":null,\"name\":\"40g × 5개\",\"selected\":false,\"valueId\":\"3162825992,1626146115\"},{\"bundleOptionMsg\":null,\"image\":null,\"name\":\"40g × 7개\",\"selected\":false,\"valueId\":\"3162825992,1626146177\"},{\"bundleOptionMsg\":null,\"image\":null,\"name\":\"40g × 8개\",\"selected\":false,\"valueId\":\"3162825992,1626146208\"},{\"bundleOptionMsg\":null,\"image\":null,\"name\":\"40g × 10개\",\"selected\":false,\"valueId\":\"3162825992,3164565153\"},{\"bundleOptionMsg\":null,\"image\":null,\"name\":\"40g × 24개\",\"selected\":false,\"valueId\":\"3162825992,3164566238\"},{\"bundleOptionMsg\":null,\"image\":null,\"name\":\"120g × 1세트\",\"selected\":false,\"valueId\":\"3558236187,3166106933\"},{\"bundleOptionMsg\":null,\"image\":null,\"name\":\"320g × 1개\",\"selected\":false,\"valueId\":\"3558295769,1626145991\"},{\"bundleOptionMsg\":null,\"image\":null,\"name\":\"320g × 2개\",\"selected\":false,\"valueId\":\"3558295769,1626146022\"},{\"bundleOptionMsg\":null,\"image\":null,\"name\":\"320g × 3개\",\"selected\":false,\"valueId\":\"3558295769,1626146053\"}],\"colorAttribute\":false,\"deliveryAttribute\":false,\"displayComponentType\":\"DROPDOWN\",\"displayType\":\"IMAGE\",\"leaf\":true,\"name\":\"개당 중량 × 수량\",\"selectedAttribute\":{\"bundleOptionMsg\":null,\"image\":null,\"name\":\"0.032g × 1개\",\"selected\":true,\"valueId\":\"638636537,1626145991\"},\"sizeAttribute\":false,\"style\":null,\"typeId\":\"7637,7652\"}]},\"originalTitle\":null,\"otherSellerCount\":null,\"parentItemId\":null,\"preOrderVo\":null,\"productId\":6304732510,\"purchaseOnly\":false,\"pureTitle\":\"한미약품 추억의 텐텐 딸기맛 츄어블 멀티비타민 어린이영양제 딸기맛 40g 80정 1박스\",\"quantityBase\":[{\"abFlags\":{\"applyExtremeProminenceFreeDeliveryMessages\":\"A\",\"jikgu1PWarrantyAB\":\"NOT_APPLICABLE\",\"ab54632\":\"B\"},\"appliedCoupon\":null,\"benefitDisplayType\":null,\"bundleOption\":{\"optionDetails\":null,\"options\":[],\"viewType\":null},\"cashBackSummary\":{\"basicCashBackList\":[{\"amount\":190,\"benefit\":\"쿠페이 머니 결제 시 1% 적립\",\"expired\":false,\"i18nAmount\":{\"amount\":\"190\",\"currency\":\"KRW\",\"fractionDigits\":0,\"rawAmount\":190},\"leftDays\":null,\"rate\":\"1\",\"type\":\"BASIC\",\"validity\":\"월 최대 1만원\"}],\"basicRocketPayCashAmt\":190,\"basicRocketPayRate\":\"1\",\"cashBackTitle\":\"캐시적립 혜택\",\"cashIconUrl\":\"https://image.coupangcdn.com/image/badges/cashback/web/list-cash-icon@2x.png\",\"cashWidgetIconUrl\":\"https://image.coupangcdn.com/image/badges/sdp/cashback/web/cash-icon@2x.png\",\"clubMemberCashAmt\":null,\"clubMemberRate\":null,\"clubMemberRewardExpires\":null,\"clubMemberRewardExpiryTime\":null,\"clubMemberRewardLeftDays\":null,\"couPayBankAmt\":380,\"couPayBankExpires\":false,\"couPayBankLeftDays\":1982,\"couPayBankRate\":\"2\",\"couPayMoneyAmt\":761,\"couPayMoneyExpires\":false,\"couPayMoneyLeftDays\":1982,\"couPayMoneyRate\":\"4\",\"extraCashBackList\":[{\"amount\":380,\"benefit\":\"[로켓와우 + 쿠페이 계좌이체] 결제 시 2% 적립\",\"expired\":false,\"i18nAmount\":{\"amount\":\"380\",\"currency\":\"KRW\",\"fractionDigits\":0,\"rawAmount\":380},\"leftDays\":1982,\"rate\":\"2\",\"type\":\"COU_BANK\",\"validity\":\"이벤트 기간 30일, 최대 2만원\"},{\"amount\":761,\"benefit\":\"[로켓와우 + 쿠페이 머니] 결제 시 4% 추가적립\",\"expired\":false,\"i18nAmount\":{\"amount\":\"761\",\"currency\":\"KRW\",\"fractionDigits\":0,\"rawAmount\":761},\"leftDays\":1982,\"rate\":\"4\",\"type\":\"COU_MONEY\",\"validity\":\"이벤트 기간 30일, 최대 4만원\"}],\"finalCashBackAmt\":951,\"finalCashBackAmtIncludeRewardCashAmount\":951,\"giftRewardCashAmount\":null,\"i18nBasicRocketPayCashAmt\":{\"amount\":\"190\",\"currency\":\"KRW\",\"fractionDigits\":0,\"rawAmount\":190},\"i18nClubMemberCashAmt\":null,\"i18nCouPayBankAmt\":{\"amount\":\"380\",\"currency\":\"KRW\",\"fractionDigits\":0,\"rawAmount\":380},\"i18nCouPayMoneyAmt\":{\"amount\":\"761\",\"currency\":\"KRW\",\"fractionDigits\":0,\"rawAmount\":761},\"i18nFinalCashBackAmt\":{\"amount\":\"951\",\"currency\":\"KRW\",\"fractionDigits\":0,\"rawAmount\":951},\"i18nFinalCashBackAmtIncludeRewardCashAmount\":{\"amount\":\"951\",\"currency\":\"KRW\",\"fractionDigits\":0,\"rawAmount\":951},\"i18nRewardCashAmount\":null,\"inBookCategory\":null,\"luxuryItem\":false,\"popupType\":\"WITHEXTRA\",\"rewardCashAmount\":null,\"targetedPromotionBanner\":null},\"delivery\":{\"badgeUrl\":null,\"company\":\"CJ 대한통운\",\"companyLabel\":\"배송사: \",\"countDownMessage\":null,\"countDownMillisecond\":null,\"delayMessage\":\"\",\"deliveryExtraInfo\":null,\"deliveryNotice\":null,\"deliveryReminderMessage\":null,\"descriptionBadge\":null,\"descriptionIcon\":null,\"descriptions\":\"\u003cem class='prod-txt-onyx prod-txt-font-14'\u003e모레(금) 9/26\u003c/em\u003e\u003cem class='prod-txt-onyx'\u003e 도착 예정\u003c/em\u003e\",\"extremeDescriptions\":null,\"hideQuestionMark\":false,\"logistics\":false,\"loyaltyButtonText\":null,\"rocketWowQuestionMark\":false,\"speedType\":null,\"title\":null,\"type\":\"VENDOR_DELIVERY\"},\"deliveryList\":[{\"badgeUrl\":null,\"company\":\"CJ 대한통운\",\"companyLabel\":\"배송사: \",\"countDownMessage\":null,\"countDownMillisecond\":null,\"delayMessage\":\"\",\"deliveryExtraInfo\":null,\"deliveryNotice\":null,\"deliveryReminderMessage\":null,\"descriptionBadge\":null,\"descriptionIcon\":null,\"descriptions\":\"\u003cem class='prod-txt-onyx prod-txt-font-14'\u003e모레(금) 9/26\u003c/em\u003e\u003cem class='prod-txt-onyx'\u003e 도착 예정\u003c/em\u003e\",\"extremeDescriptions\":null,\"hideQuestionMark\":false,\"logistics\":false,\"loyaltyButtonText\":null,\"rocketWowQuestionMark\":false,\"speedType\":null,\"title\":null,\"type\":\"VENDOR_DELIVERY\"}],\"freebieBenefit\":null,\"freebieBenefitV2\":null,\"freebiePromotions\":null,\"moduleData\":[{\"abFlags\":{\"displayTwoPricesWow\":\"A\",\"sdpCartUpdateNewPmcPolicy\":\"false\",\"deliveryFeeToggleShow\":\"false\"},\"detailPriceBundle\":{\"finalPrice\":{\"bestPriceInfo\":{\"currency\":\"KRW\",\"discountRate\":36,\"discountRateValid\":true,\"doubleElevenPromoted\":false,\"firstPurchase\":false,\"goldbox\":false,\"hasEligibilityConditions\":false,\"lightning\":false,\"lightningOrGoldbox\":false,\"memberPrice\":false,\"notExpired\":true,\"percentageDiscount\":false,\"price\":19020,\"priceBasedDiscountRate\":36,\"priceType\":\"FINAL_PRICE\",\"priceWithDeliveryFee\":19020,\"unitCCIDuration\":10,\"unitPrice\":{\"amount\":10,\"extendedPrice\":{\"money\":{\"amount\":5943750,\"currency\":\"KRW\"},\"offset\":0},\"priceEx\":{\"amount\":5943750,\"currency\":\"KRW\"},\"unit\":\"g\"},\"unitPriceAmount\":5943750,\"unitPriceAmountWithDeliveryFee\":5943750,\"unitPriceDescription\":\"(10g당 5,943,750원)\",\"unitPriceDescriptionWithoutParenthesis\":\"10g당 5,943,750원\",\"unitPriceIncludeDeliveryFeeDescription\":\"(10g당 5,943,750원)\",\"unitPriceIncludeDeliveryFeeDescriptionWithoutParenthesis\":\"10g당 5,943,750원\",\"unitPriceWithDeliveryFee\":{\"amount\":10,\"extendedPrice\":{\"money\":{\"amount\":5943750,\"currency\":\"KRW\"},\"offset\":0},\"unit\":\"g\"},\"valid\":true},\"displayType\":\"FINAL\",\"downloadCouponType\":\"NONE\",\"downloadDiscountAmount\":0,\"instantDiscountAmount\":0,\"instantDiscountType\":\"NONE\",\"memberPrice\":false,\"otOrWot\":false,\"price\":19020,\"priceBaseDiscountRate\":36,\"priceWithDeliveryFee\":19020,\"realType\":\"SALES\",\"unitPriceAmount\":5943750,\"unitPriceAmountWithDeliveryFee\":5943750,\"unitPriceDescription\":\"(10g당 5,943,750원)\",\"unitPriceDescriptionWithoutParenthesis\":\"10g당 5,943,750원\",\"unitPriceIncludeDeliveryFeeDescription\":\"(10g당 5,943,750원)\"},\"finalPriceDiscountRate\":36,\"nonWowMemberPrice\":{\"price\":19020,\"priceWithDeliveryFee\":19020},\"originalPrice\":{\"displayType\":\"ORIGINAL\",\"downloadCouponType\":\"NONE\",\"instantDiscountType\":\"NONE\",\"memberPrice\":false,\"otOrWot\":false,\"price\":30000,\"priceWithDeliveryFee\":30000,\"realType\":\"ORIGINAL\",\"unitPriceDescription\":\"(10g당 9,375,000원)\"},\"wowMemberPrice\":{\"price\":19020,\"priceWithDeliveryFee\":19020}},\"logging\":{},\"normalCouponDiscount\":false,\"normalInstantDiscount\":false,\"priceLogData\":{\"unitPrice\":\"(10g당 5,943,750원)\",\"discountRate\":\"36.0\",\"underThresholdCouponSavingAmount\":\"null\",\"targetedCouponSavingAmount\":\"null\",\"instantDiscountSavingAmount\":\"null\",\"overThresholdCouponSavingAmount\":\"null\",\"salesPrice\":19020,\"finalPrice\":19020,\"underThresholdCouponThreshold\":\"null\",\"isBadDiscount\":\"false\",\"isLoyaltyMember\":false,\"wowUnderThresholdCouponThreshold\":\"null\",\"anchorPrice\":\"30000\",\"ccidEligibleSavingAmount\":\"null\",\"wowInstantDiscountSavingAmount\":\"null\",\"wowUnderThresholdCouponSavingAmount\":\"null\",\"wowCcidEligibleSavingAmount\":\"null\",\"myCcidDiscountSavingAmount\":\"null\",\"businessType\":\"3p\",\"wowOverThresholdCouponSavingAmount\":\"null\"},\"pricePolicies\":[{\"currency\":\"원\",\"description\":\"쿠팡 판매를 위한 할인 적용 이전의 가격(업체가 쿠팡에 제공한 희망소매가격 또는 공식판매처 판매가 등. 도서정가제 대상 도서인 경우, 도서 정가)입니다.\",\"discountRate\":36,\"formattedPrice\":\"30,000원\",\"price\":\"30,000\",\"priceWithDeliveryFee\":\"30,000\",\"type\":\"ORIGINAL\"}],\"priceWithDeliveryFee\":true,\"targetedDiscount\":false,\"viewType\":\"PRODUCT_DETAIL_PRICE_INFO\",\"wowCouponDiscount\":false,\"wowDiscountAndNormalOtAndNonWowMember\":false,\"wowInstantDiscount\":false},{\"attributeBasedTitle\":\"한미약품 추억의 텐텐 딸기맛 츄어블 멀티비타민 어린이영양제 딸기맛 40g 80정 1박스, 0.032g, 1개\",\"countryOfOrigin\":\"원산지: 상품 상세페이지 참조\",\"logging\":{\"alwaysSentLiveLog\":false,\"bypass\":{\"exposureSchemas\":[{\"id\":\"11942\",\"mandatory\":{\"logCategory\":\"impression\",\"logType\":\"impression\",\"pageName\":\"sdp\",\"eventName\":\"option_table_test_exposure\",\"domain\":\"sdp\",\"sdpVisitKey\":\"ao0e3s1oeagjyuah6\",\"productId\":6304732510,\"itemId\":26208186094,\"vendorItemId\":83726045018,\"abGroup\":\"B\",\"abTestId\":\"47980\"},\"version\":\"2\"}]}},\"title\":\"한미약품 추억의 텐텐 딸기맛 츄어블 멀티비타민 어린이영양제 딸기맛 40g 80정 1박스 0.032g, 1개\",\"viewType\":\"PRODUCT_DETAIL_PRODUCT_INFO\"},{\"abFlags\":{\"47980\":\"B\"},\"featureFlags\":{\"option_table_pc_expand_1_and_2_attr\":\"B\"},\"viewType\":\"PRODUCT_WEB_DATA_AB_FLAGS\"},{\"tabList\":[{\"attributeId\":\"7637\",\"items\":[{\"action\":{\"event\":{\"url\":\"https://www.coupang.com/vp/products/6304732510/items/26208186094/vendoritems/83726045018/option-table?optionTableLandingVendorItemId=83726045018\u0026landedItemId=26208186094\u0026landedVendorItemId=83726045018\u0026withDeliveryFee=true\u0026deliveryToggle=true\u0026selectedValue=7652%3ANzY1Mnwx6rCc%2C7637%3ANzYzN3wwLjAzMmc\u0026selectedShowPriceStatus=Default\u0026sdp-st=H4sIAAAAAAAA_6tWCs3LLAkoykxODclPT89JDUgsSswtVrKqVirNK09RsiopKk2t1VHyLyjJzM8LSUxCUgEXDk7NSU0GMcBSIL3FZUpWFsbmRmYGJqYGhhZAlS6pOZllqUWV6LakoIij2eeTWVwCM7O2FgDsoFBdrAAAAA\"},\"logging\":{\"alwaysSentLiveLog\":false,\"bypass\":{\"clickSchemas\":[{\"id\":\"10844\",\"mandatory\":{\"logCategory\":\"event\",\"logType\":\"click\",\"pageName\":\"sdp\",\"eventName\":\"click_sdp_option_comparison_table\",\"domain\":\"sdp\",\"sdpVisitKey\":\"ao0e3s1oeagjyuah6\",\"productId\":6304732510,\"itemId\":26208186094,\"vendorItemId\":83726045018,\"categoryId\":\"1427\",\"optionTableStyle\":\"sdp_standard\",\"clickArea\":\"attributeOption\",\"clickValue\":\"firstAttribute:0.032g\",\"isImage\":true},\"version\":\"12\"}]}}},\"id\":\"NzYzN3wwLjAzMmc\",\"imageUrl\":\"//thumbnail7.coupangcdn.com/thumbnails/remote/164x164ex/image/vendor_inventory/844f/9f3832c7ce09599e368fad42b2f4ca5178c971284aa14bc8fed931590a6e.jpg\",\"invalid\":false,\"selected\":true,\"selectedValue\":[\"7652:NzY1Mnwx6rCc\",\"7637:NzYzN3wwLjAzMmc\"],\"soldOut\":false,\"valueName\":\"0.032g\"},{\"action\":{\"event\":{\"url\":\"https://www.coupang.com/vp/products/6304732510/items/26208186094/vendoritems/83726045018/option-table?optionTableLandingVendorItemId=83726045018\u0026landedItemId=26208186094\u0026landedVendorItemId=83726045018\u0026withDeliveryFee=true\u0026deliveryToggle=true\u0026selectedValue=7652%3ANzY1Mnwx6rCc%2C7637%3ANzYzN3w0MGc\u0026selectedShowPriceStatus=Default\u0026sdp-st=H4sIAAAAAAAA_6tWCs3LLAkoykxODclPT89JDUgsSswtVrKqVirNK09RsiopKk2t1VHyLyjJzM8LSUxCUgEXDk7NSU0GMcBSIL3FZUpWFsbmRmYGJqYGhhZAlS6pOZllqUWV6LakoIij2eeTWVwCM7O2FgDsoFBdrAAAAA\"},\"logging\":{\"alwaysSentLiveLog\":false,\"bypass\":{\"clickSchemas\":[{\"id\":\"10844\",\"mandatory\":{\"logCategory\":\"event\",\"logType\":\"click\",\"pageName\":\"sdp\",\"eventName\":\"click_sdp_option_comparison_table\",\"domain\":\"sdp\",\"sdpVisitKey\":\"ao0e3s1oeagjyuah6\",\"productId\":6304732510,\"itemId\":26208186094,\"vendorItemId\":83726045018,\"categoryId\":\"1427\",\"optionTableStyle\":\"sdp_standard\",\"clickArea\":\"attributeOption\",\"clickValue\":\"firstAttribute:40g\",\"isImage\":true},\"version\":\"12\"}]}}},\"id\":\"NzYzN3w0MGc\",\"imageUrl\":\"//thumbnail8.coupangcdn.com/thumbnails/remote/164x164ex/image/vendor_inventory/3fca/d29a6939076afcf00185ec5c500aa9453476c672a6c92b9778ca10f0189e.png\",\"invalid\":false,\"selected\":false,\"selectedValue\":[\"7652:NzY1Mnwx6rCc\",\"7637:NzYzN3w0MGc\"],\"soldOut\":false,\"valueName\":\"40g\"},{\"action\":{\"event\":{\"url\":\"https://www.coupang.com/vp/products/6304732510/items/26208186094/vendoritems/83726045018/option-table?optionTableLandingVendorItemId=83726045018\u0026landedItemId=26208186094\u0026landedVendorItemId=83726045018\u0026withDeliveryFee=true\u0026deliveryToggle=true\u0026selectedValue=7652%3ANzY1Mnwx6rCc%2C7637%3ANzYzN3wxMjBn\u0026selectedShowPriceStatus=Default\u0026sdp-st=H4sIAAAAAAAA_6tWCs3LLAkoykxODclPT89JDUgsSswtVrKqVirNK09RsiopKk2t1VHyLyjJzM8LSUxCUgEXDk7NSU0GMcBSIL3FZUpWFsbmRmYGJqYGhhZAlS6pOZllqUWV6LakoIij2eeTWVwCM7O2FgDsoFBdrAAAAA\"},\"logging\":{\"alwaysSentLiveLog\":false,\"bypass\":{\"clickSchemas\":[{\"id\":\"10844\",\"mandatory\":{\"logCategory\":\"event\",\"logType\":\"click\",\"pageName\":\"sdp\",\"eventName\":\"click_sdp_option_comparison_table\",\"domain\":\"sdp\",\"sdpVisitKey\":\"ao0e3s1oeagjyuah6\",\"productId\":6304732510,\"itemId\":26208186094,\"vendorItemId\":83726045018,\"categoryId\":\"1427\",\"optionTableStyle\":\"sdp_standard\",\"clickArea\":\"attributeOption\",\"clickValue\":\"firstAttribute:120g\",\"isImage\":true},\"version\":\"12\"}]}}},\"id\":\"NzYzN3wxMjBn\",\"imageUrl\":\"//thumbnail9.coupangcdn.com/thumbnails/remote/164x164ex/image/vendor_inventory/b547/1ec17b477c8fc5c367a9949c95493b2b139278d4c14faa72171e55666a3d.jpg\",\"invalid\":false,\"selected\":false,\"selectedValue\":[\"7652:NzY1Mnwx6rCc\",\"7637:NzYzN3wxMjBn\"],\"soldOut\":false,\"valueName\":\"120g\"},{\"action\":{\"event\":{\"url\":\"https://www.coupang.com/vp/products/6304732510/items/26208186094/vendoritems/83726045018/option-table?optionTableLandingVendorItemId=83726045018\u0026landedItemId=26208186094\u0026landedVendorItemId=83726045018\u0026withDeliveryFee=true\u0026deliveryToggle=true\u0026selectedValue=7652%3ANzY1Mnwx6rCc%2C7637%3ANzYzN3wzMjBn\u0026selectedShowPriceStatus=Default\u0026sdp-st=H4sIAAAAAAAA_6tWCs3LLAkoykxODclPT89JDUgsSswtVrKqVirNK09RsiopKk2t1VHyLyjJzM8LSUxCUgEXDk7NSU0GMcBSIL3FZUpWFsbmRmYGJqYGhhZAlS6pOZllqUWV6LakoIij2eeTWVwCM7O2FgDsoFBdrAAAAA\"},\"logging\":{\"alwaysSentLiveLog\":false,\"bypass\":{\"clickSchemas\":[{\"id\":\"10844\",\"mandatory\":{\"logCategory\":\"event\",\"logType\":\"click\",\"pageName\":\"sdp\",\"eventName\":\"click_sdp_option_comparison_table\",\"domain\":\"sdp\",\"sdpVisitKey\":\"ao0e3s1oeagjyuah6\",\"productId\":6304732510,\"itemId\":26208186094,\"vendorItemId\":83726045018,\"categoryId\":\"1427\",\"optionTableStyle\":\"sdp_standard\",\"clickArea\":\"attributeOption\",\"clickValue\":\"firstAttribute:320g\",\"isImage\":true},\"version\":\"12\"}]}}},\"id\":\"NzYzN3wzMjBn\",\"imageUrl\":\"//thumbnail10.coupangcdn.com/thumbnails/remote/164x164ex/image/vendor_inventory/e1bf/efd3c9991e90a771d56139fe0a0819175bbb69e48369bec3488f5f606f02.jpeg\",\"invalid\":false,\"selected\":false,\"selectedValue\":[\"7652:NzY1Mnwx6rCc\",\"7637:NzYzN3wzMjBn\"],\"soldOut\":false,\"valueName\":\"320g\"}],\"sizeAttribute\":false,\"style\":\"TAB_IMAGE\",\"title\":\"개당 중량 × 수량: \",\"valueName\":\"0.032g × 1개\"}],\"viewType\":\"PRODUCT_OPTION_TABLE_TAB_SELECTOR\"},{\"data\":{\"description\":\"배송비 포함\",\"title\":\"더 많은 옵션 보기\"},\"viewType\":\"PRODUCT_OPTION_TABLE_TOGGLE_HEADER\"},{\"landingItemId\":26208186094,\"landingProductId\":6304732510,\"landingVendorItemId\":83726045018,\"logging\":{\"alwaysSentLiveLog\":false,\"bypass\":{\"exposureSchema\":{\"id\":\"10843\",\"mandatory\":{\"logCategory\":\"impression\",\"logType\":\"impression\",\"pageName\":\"sdp\",\"eventName\":\"impression_sdp_option_comparison_table\",\"domain\":\"sdp\",\"sdpVisitKey\":\"ao0e3s1oeagjyuah6\",\"productId\":6304732510,\"itemId\":26208186094,\"vendorItemId\":83726045018,\"categoryId\":\"1427\",\"optionTableStyle\":\"sdp_standard\",\"attributes\":\"개당 중량,수량\",\"isSeeAll\":true,\"isImage\":true,\"firstAttributeOptionList\":\"attribute1:0.032g,attribute2:40g,attribute3:120g,attribute4:320g\",\"selectedAttribute\":\"firstAttribute:0.032g\",\"listVendorItemId\":\"option1:83726045018\",\"listVendorItemPrice\":\"option1:19020\",\"listQty\":\"option1:1개\",\"listDeliveryType\":\"option1:\",\"listUnitPrice\":\"option1:5943750\",\"listMin\":\"option1:true\",\"listOos\":\"option1:false\",\"listDefault\":\"option1:true\",\"listPriceLabel\":\"option1:\",\"selectedOption\":\"option1\"},\"version\":\"16\"}}},\"optionList\":[{\"action\":{\"event\":{\"url\":\"/vm/v5/products/6304732510/vendor-items/83726045018?landingItemId=26208186094\u0026landingProductId=6304732510\u0026landingVendorItemId=83726045018\"},\"logging\":{\"alwaysSentLiveLog\":false,\"bypass\":{\"clickSchemas\":[{\"id\":\"10844\",\"mandatory\":{\"logCategory\":\"event\",\"logType\":\"click\",\"pageName\":\"sdp\",\"eventName\":\"click_sdp_option_comparison_table\",\"domain\":\"sdp\",\"sdpVisitKey\":\"ao0e3s1oeagjyuah6\",\"productId\":6304732510,\"itemId\":26208186094,\"vendorItemId\":83726045018,\"categoryId\":\"1427\",\"clickArea\":\"option\",\"clickValue\":\"option1:83726045018\",\"isImage\":false},\"version\":\"12\"}]}}},\"defaultShow\":true,\"finalPrice\":\"19,020원\",\"finalUnitPrice\":\"10g당 5,943,750원\",\"finalUnitPriceLabel\":\"(최저 단위가)\",\"hoverImageUrl\":\"//thumbnail7.coupangcdn.com/thumbnails/remote/492x492ex/image/vendor_inventory/844f/9f3832c7ce09599e368fad42b2f4ca5178c971284aa14bc8fed931590a6e.jpg\",\"hoverSelectionText\":\"0.032g × 1개\",\"itemId\":26208186094,\"optionItemName\":\"1개\",\"selected\":true,\"soldOut\":false,\"vendorItemId\":83726045018}],\"seeAllButton\":{\"action\":{\"logging\":{\"alwaysSentLiveLog\":false,\"bypass\":{\"clickSchemas\":[{\"id\":\"10844\",\"mandatory\":{\"logCategory\":\"event\",\"logType\":\"click\",\"pageName\":\"sdp\",\"eventName\":\"click_sdp_option_comparison_table\",\"domain\":\"sdp\",\"sdpVisitKey\":\"ao0e3s1oeagjyuah6\",\"productId\":6304732510,\"itemId\":26208186094,\"vendorItemId\":83726045018,\"categoryId\":\"1427\",\"clickArea\":\"seeAll\",\"clickValue\":\"모든 옵션 보기\",\"isImage\":false,\"isToggleOn\":true},\"version\":\"12\"}]}}},\"buttonText\":\"모든 옵션 보기\"},\"style\":\"SHORT_ATTR\",\"tableId\":\"NzYzN3wwLjAzMmc\",\"viewType\":\"PRODUCT_OPTION_TABLE_LIST_VIEW\"},{\"items\":[{\"action\":{\"event\":{\"url\":\"vp/products/6304732510/vendoritems/83726045018\"},\"logging\":{\"alwaysSentLiveLog\":false,\"bypass\":{\"clickSchemas\":[{\"id\":\"5104\",\"mandatory\":{\"domain\":\"sdp\",\"logCategory\":\"event\",\"logType\":\"click\",\"pageName\":\"option_list\",\"eventName\":\"option_list_click\",\"sdpVisitKey\":\"ao0e3s1oeagjyuah6\",\"vendorItemId\":83726045018,\"searchId\":\"\",\"vendorItemIdAttributes\":\"0.032g_1개_unitPrice:5943750_vendorItemPrice:19020_deliveryType:3p_deliveryFee:0\"},\"version\":\"6\"}],\"exposureSchema\":{\"id\":\"5112\",\"mandatory\":{\"logCategory\":\"impression\",\"logType\":\"impression\",\"pageName\":\"option_list\",\"eventName\":\"option_list_item_impression\",\"domain\":\"sdp\",\"referSdpItem\":\"p6304732510_i26208186094_v83726045018\",\"sdpVisitKey\":\"ao0e3s1oeagjyuah6\",\"vendorItemId\":\"83726045018\",\"originalItemId\":26208186094,\"originalVendorItemId\":83726045018,\"searchId\":\"\",\"vendorItemIdAttributes\":\"0.032g_1개_unitPrice:5943750_vendorItemPrice:19020_deliveryType:3p_deliveryFee:0\"},\"version\":\"9\"}}}},\"deliveryInfo\":{\"deliveryDateDescriptions\":\"모레(금) 9/26 도착 예정 (판매자배송)\"},\"imageUrl\":\"//thumbnail7.coupangcdn.com/thumbnails/remote/164x164ex/image/vendor_inventory/844f/9f3832c7ce09599e368fad42b2f4ca5178c971284aa14bc8fed931590a6e.jpg\",\"itemBasicInfo\":{\"invalid\":false,\"itemId\":26208186094,\"itemImage\":{\"image\":{\"height\":72,\"url\":\"http://thumbnail7.coupangcdn.com/thumbnails/remote/164x164ex/image/vendor_inventory/844f/9f3832c7ce09599e368fad42b2f4ca5178c971284aa14bc8fed931590a6e.jpg\",\"width\":72}},\"itemName\":\"0.032g × 1개\",\"vendorItemId\":83726045018},\"priceInfo\":{\"finalDeliveryDescription\":\"무료배송\",\"finalPrice\":\"19,020원\",\"finalUnitPrice\":\"(10g당 5,943,750원)\"},\"selected\":true,\"stockInfo\":{\"logistics\":false,\"restockNotification\":false,\"soldOut\":false}},{\"action\":{\"event\":{\"url\":\"vp/products/6304732510/vendoritems/90936990809\"},\"logging\":{\"alwaysSentLiveLog\":false,\"bypass\":{\"clickSchemas\":[{\"id\":\"5104\",\"mandatory\":{\"domain\":\"sdp\",\"logCategory\":\"event\",\"logType\":\"click\",\"pageName\":\"option_list\",\"eventName\":\"option_list_click\",\"sdpVisitKey\":\"ao0e3s1oeagjyuah6\",\"vendorItemId\":90936990809,\"searchId\":\"\",\"vendorItemIdAttributes\":\"40g_1개_unitPrice:1078_vendorItemPrice:4310_deliveryType:3p_deliveryFee:0\"},\"version\":\"6\"}],\"exposureSchema\":{\"id\":\"5112\",\"mandatory\":{\"logCategory\":\"impression\",\"logType\":\"impression\",\"pageName\":\"option_list\",\"eventName\":\"option_list_item_impression\",\"domain\":\"sdp\",\"referSdpItem\":\"p6304732510_i26208186094_v83726045018\",\"sdpVisitKey\":\"ao0e3s1oeagjyuah6\",\"vendorItemId\":\"90936990809\",\"originalItemId\":26208186094,\"originalVendorItemId\":83726045018,\"searchId\":\"\",\"vendorItemIdAttributes\":\"40g_1개_unitPrice:1078_vendorItemPrice:4310_deliveryType:3p_deliveryFee:0\"},\"version\":\"9\"}}}},\"deliveryInfo\":{\"deliveryDateDescriptions\":\"모레(금) 9/26 도착 예정 (판매자배송)\"},\"imageUrl\":\"//thumbnail7.coupangcdn.com/thumbnails/remote/164x164ex/image/vendor_inventory/bad2/b86ba83788b6cdc11d3f68c642004411203daa6ffe5aa955e0ef3cdeba38.jpg\",\"itemBasicInfo\":{\"invalid\":false,\"itemId\":23914669742,\"itemImage\":{\"image\":{\"height\":72,\"url\":\"http://thumbnail7.coupangcdn.com/thumbnails/remote/164x164ex/image/vendor_inventory/bad2/b86ba83788b6cdc11d3f68c642004411203daa6ffe5aa955e0ef3cdeba38.jpg\",\"width\":72}},\"itemName\":\"40g × 1개\",\"vendorItemId\":90936990809},\"priceInfo\":{\"finalDeliveryDescription\":\"무료배송\",\"finalPrice\":\"4,310원\",\"finalUnitPrice\":\"(10g당 1,078원)\"},\"stockInfo\":{\"logistics\":false,\"restockNotification\":false,\"soldOut\":false}},{\"action\":{\"event\":{\"url\":\"vp/products/6304732510/vendoritems/88552858873\"},\"logging\":{\"alwaysSentLiveLog\":false,\"bypass\":{\"clickSchemas\":[{\"id\":\"5104\",\"mandatory\":{\"domain\":\"sdp\",\"logCategory\":\"event\",\"logType\":\"click\",\"pageName\":\"option_list\",\"eventName\":\"option_list_click\",\"sdpVisitKey\":\"ao0e3s1oeagjyuah6\",\"vendorItemId\":88552858873,\"searchId\":\"\",\"vendorItemIdAttributes\":\"40g_3개_unitPrice:672_vendorItemPrice:8060_deliveryType:3p_deliveryFee:0\"},\"version\":\"6\"}],\"exposureSchema\":{\"id\":\"5112\",\"mandatory\":{\"logCategory\":\"impression\",\"logType\":\"impression\",\"pageName\":\"option_list\",\"eventName\":\"option_list_item_impression\",\"domain\":\"sdp\",\"referSdpItem\":\"p6304732510_i26208186094_v83726045018\",\"sdpVisitKey\":\"ao0e3s1oeagjyuah6\",\"vendorItemId\":\"88552858873\",\"originalItemId\":26208186094,\"originalVendorItemId\":83726045018,\"searchId\":\"\",\"vendorItemIdAttributes\":\"40g_3개_unitPrice:672_vendorItemPrice:8060_deliveryType:3p_deliveryFee:0\"},\"version\":\"9\"}}}},\"deliveryInfo\":{\"deliveryDateDescriptions\":\"모레(금) 9/26 도착 예정 (판매자배송)\"},\"imageUrl\":\"//thumbnail8.coupangcdn.com/thumbnails/remote/164x164ex/image/vendor_inventory/3fca/d29a6939076afcf00185ec5c500aa9453476c672a6c92b9778ca10f0189e.png\",\"itemBasicInfo\":{\"invalid\":false,\"itemId\":20936775200,\"itemImage\":{\"image\":{\"height\":72,\"url\":\"http://thumbnail8.coupangcdn.com/thumbnails/remote/164x164ex/image/vendor_inventory/3fca/d29a6939076afcf00185ec5c500aa9453476c672a6c92b9778ca10f0189e.png\",\"width\":72}},\"itemName\":\"40g × 3개\",\"vendorItemId\":88552858873},\"priceInfo\":{\"finalDeliveryDescription\":\"무료배송\",\"finalPrice\":\"8,060원\",\"finalUnitPrice\":\"(10g당 672원)\"},\"stockInfo\":{\"logistics\":false,\"restockNotification\":false,\"soldOut\":false}},{\"action\":{\"event\":{\"url\":\"vp/products/6304732510/vendoritems/88552858866\"},\"logging\":{\"alwaysSentLiveLog\":false,\"bypass\":{\"clickSchemas\":[{\"id\":\"5104\",\"mandatory\":{\"domain\":\"sdp\",\"logCategory\":\"event\",\"logType\":\"click\",\"pageName\":\"option_list\",\"eventName\":\"option_list_click\",\"sdpVisitKey\":\"ao0e3s1oeagjyuah6\",\"vendorItemId\":88552858866,\"searchId\":\"\",\"vendorItemIdAttributes\":\"40g_4개_unitPrice:582_vendorItemPrice:9310_deliveryType:3p_deliveryFee:0\"},\"version\":\"6\"}],\"exposureSchema\":{\"id\":\"5112\",\"mandatory\":{\"logCategory\":\"impression\",\"logType\":\"impression\",\"pageName\":\"option_list\",\"eventName\":\"option_list_item_impression\",\"domain\":\"sdp\",\"referSdpItem\":\"p6304732510_i26208186094_v83726045018\",\"sdpVisitKey\":\"ao0e3s1oeagjyuah6\",\"vendorItemId\":\"88552858866\",\"originalItemId\":26208186094,\"originalVendorItemId\":83726045018,\"searchId\":\"\",\"vendorItemIdAttributes\":\"40g_4개_unitPrice:582_vendorItemPrice:9310_deliveryType:3p_deliveryFee:0\"},\"version\":\"9\"}}}},\"deliveryInfo\":{\"deliveryDateDescriptions\":\"모레(금) 9/26 도착 예정 (판매자배송)\"},\"imageUrl\":\"//thumbnail10.coupangcdn.com/thumbnails/remote/164x164ex/image/vendor_inventory/c55d/b5a7c6f8d83fbba79baba7ad6614a529635a03527f8d4ec6d539b21cec48.png\",\"itemBasicInfo\":{\"invalid\":false,\"itemId\":20936775203,\"itemImage\":{\"image\":{\"height\":72,\"url\":\"http://thumbnail10.coupangcdn.com/thumbnails/remote/164x164ex/image/vendor_inventory/c55d/b5a7c6f8d83fbba79baba7ad6614a529635a03527f8d4ec6d539b21cec48.png\",\"width\":72}},\"itemName\":\"40g × 4개\",\"vendorItemId\":88552858866},\"priceInfo\":{\"finalDeliveryDescription\":\"무료배송\",\"finalPrice\":\"9,310원\",\"finalUnitPrice\":\"(10g당 582원)\"},\"stockInfo\":{\"logistics\":false,\"restockNotification\":false,\"soldOut\":false}},{\"action\":{\"event\":{\"url\":\"vp/products/6304732510/vendoritems/88552858899\"},\"logging\":{\"alwaysSentLiveLog\":false,\"bypass\":{\"clickSchemas\":[{\"id\":\"5104\",\"mandatory\":{\"domain\":\"sdp\",\"logCategory\":\"event\",\"logType\":\"click\",\"pageName\":\"option_list\",\"eventName\":\"option_list_click\",\"sdpVisitKey\":\"ao0e3s1oeagjyuah6\",\"vendorItemId\":88552858899,\"searchId\":\"\",\"vendorItemIdAttributes\":\"40g_5개_unitPrice:560_vendorItemPrice:11200_deliveryType:3p_deliveryFee:0\"},\"version\":\"6\"}],\"exposureSchema\":{\"id\":\"5112\",\"mandatory\":{\"logCategory\":\"impression\",\"logType\":\"impression\",\"pageName\":\"option_list\",\"eventName\":\"option_list_item_impression\",\"domain\":\"sdp\",\"referSdpItem\":\"p6304732510_i26208186094_v83726045018\",\"sdpVisitKey\":\"ao0e3s1oeagjyuah6\",\"vendorItemId\":\"88552858899\",\"originalItemId\":26208186094,\"originalVendorItemId\":83726045018,\"searchId\":\"\",\"vendorItemIdAttributes\":\"40g_5개_unitPrice:560_vendorItemPrice:11200_deliveryType:3p_deliveryFee:0\"},\"version\":\"9\"}}}},\"deliveryInfo\":{\"deliveryDateDescriptions\":\"모레(금) 9/26 도착 예정 (판매자배송)\"},\"imageUrl\":\"//thumbnail10.coupangcdn.com/thumbnails/remote/164x164ex/image/vendor_inventory/image_audit/stage/manual/d29a6939076afcf00185ec5c500aa9453476c672a6c92b9778ca10f0189e_1754356773903.png\",\"itemBasicInfo\":{\"invalid\":false,\"itemId\":20936775205,\"itemImage\":{\"image\":{\"height\":72,\"url\":\"http://thumbnail10.coupangcdn.com/thumbnails/remote/164x164ex/image/vendor_inventory/image_audit/stage/manual/d29a6939076afcf00185ec5c500aa9453476c672a6c92b9778ca10f0189e_1754356773903.png\",\"width\":72}},\"itemName\":\"40g × 5개\",\"vendorItemId\":88552858899},\"priceInfo\":{\"finalDeliveryDescription\":\"무료배송\",\"finalPrice\":\"11,200원\",\"finalUnitPrice\":\"(10g당 560원)\"},\"stockInfo\":{\"logistics\":false,\"restockNotification\":false,\"soldOut\":false}},{\"action\":{\"event\":{\"url\":\"vp/products/6304732510/vendoritems/93044196173\"},\"logging\":{\"alwaysSentLiveLog\":false,\"bypass\":{\"clickSchemas\":[{\"id\":\"5104\",\"mandatory\":{\"domain\":\"sdp\",\"logCategory\":\"event\",\"logType\":\"click\",\"pageName\":\"option_list\",\"eventName\":\"option_list_click\",\"sdpVisitKey\":\"ao0e3s1oeagjyuah6\",\"vendorItemId\":93044196173,\"searchId\":\"\",\"vendorItemIdAttributes\":\"40g_7개_unitPrice:536_vendorItemPrice:15000_deliveryType:3p_deliveryFee:0\"},\"version\":\"6\"}],\"exposureSchema\":{\"id\":\"5112\",\"mandatory\":{\"logCategory\":\"impression\",\"logType\":\"impression\",\"pageName\":\"option_list\",\"eventName\":\"option_list_item_impression\",\"domain\":\"sdp\",\"referSdpItem\":\"p6304732510_i26208186094_v83726045018\",\"sdpVisitKey\":\"ao0e3s1oeagjyuah6\",\"vendorItemId\":\"93044196173\",\"originalItemId\":26208186094,\"originalVendorItemId\":83726045018,\"searchId\":\"\",\"vendorItemIdAttributes\":\"40g_7개_unitPrice:536_vendorItemPrice:15000_deliveryType:3p_deliveryFee:0\"},\"version\":\"9\"}}}},\"deliveryInfo\":{\"deliveryDateDescriptions\":\"모레(금) 9/26 도착 예정 (판매자배송)\"},\"imageUrl\":\"//thumbnail8.coupangcdn.com/thumbnails/remote/164x164ex/image/vendor_inventory/3fca/d29a6939076afcf00185ec5c500aa9453476c672a6c92b9778ca10f0189e.png\",\"itemBasicInfo\":{\"invalid\":false,\"itemId\":26062938875,\"itemImage\":{\"image\":{\"height\":72,\"url\":\"http://thumbnail8.coupangcdn.com/thumbnails/remote/164x164ex/image/vendor_inventory/3fca/d29a6939076afcf00185ec5c500aa9453476c672a6c92b9778ca10f0189e.png\",\"width\":72}},\"itemName\":\"40g × 7개\",\"vendorItemId\":93044196173},\"priceInfo\":{\"finalDeliveryDescription\":\"무료배송\",\"finalPrice\":\"15,000원\",\"finalUnitPrice\":\"(10g당 536원)\"},\"stockInfo\":{\"logistics\":false,\"restockNotification\":false,\"soldOut\":false}},{\"action\":{\"event\":{\"url\":\"vp/products/6304732510/vendoritems/93044233793\"},\"logging\":{\"alwaysSentLiveLog\":false,\"bypass\":{\"clickSchemas\":[{\"id\":\"5104\",\"mandatory\":{\"domain\":\"sdp\",\"logCategory\":\"event\",\"logType\":\"click\",\"pageName\":\"option_list\",\"eventName\":\"option_list_click\",\"sdpVisitKey\":\"ao0e3s1oeagjyuah6\",\"vendorItemId\":93044233793,\"searchId\":\"\",\"vendorItemIdAttributes\":\"40g_8개_unitPrice:530_vendorItemPrice:16950_deliveryType:3p_deliveryFee:0\"},\"version\":\"6\"}],\"exposureSchema\":{\"id\":\"5112\",\"mandatory\":{\"logCategory\":\"impression\",\"logType\":\"impression\",\"pageName\":\"option_list\",\"eventName\":\"option_list_item_impression\",\"domain\":\"sdp\",\"referSdpItem\":\"p6304732510_i26208186094_v83726045018\",\"sdpVisitKey\":\"ao0e3s1oeagjyuah6\",\"vendorItemId\":\"93044233793\",\"originalItemId\":26208186094,\"originalVendorItemId\":83726045018,\"searchId\":\"\",\"vendorItemIdAttributes\":\"40g_8개_unitPrice:530_vendorItemPrice:16950_deliveryType:3p_deliveryFee:0\"},\"version\":\"9\"}}}},\"deliveryInfo\":{\"deliveryDateDescriptions\":\"모레(금) 9/26 도착 예정 (판매자배송)\"},\"imageUrl\":\"//thumbnail8.coupangcdn.com/thumbnails/remote/164x164ex/image/vendor_inventory/3fca/d29a6939076afcf00185ec5c500aa9453476c672a6c92b9778ca10f0189e.png\",\"itemBasicInfo\":{\"invalid\":false,\"itemId\":26062977015,\"itemImage\":{\"image\":{\"height\":72,\"url\":\"http://thumbnail8.coupangcdn.com/thumbnails/remote/164x164ex/image/vendor_inventory/3fca/d29a6939076afcf00185ec5c500aa9453476c672a6c92b9778ca10f0189e.png\",\"width\":72}},\"itemName\":\"40g × 8개\",\"vendorItemId\":93044233793},\"priceInfo\":{\"finalDeliveryDescription\":\"무료배송\",\"finalPrice\":\"16,950원\",\"finalUnitPrice\":\"(10g당 530원)\"},\"stockInfo\":{\"logistics\":false,\"restockNotification\":false,\"soldOut\":false}},{\"action\":{\"event\":{\"url\":\"vp/products/6304732510/vendoritems/91342796007\"},\"logging\":{\"alwaysSentLiveLog\":false,\"bypass\":{\"clickSchemas\":[{\"id\":\"5104\",\"mandatory\":{\"domain\":\"sdp\",\"logCategory\":\"event\",\"logType\":\"click\",\"pageName\":\"option_list\",\"eventName\":\"option_list_click\",\"sdpVisitKey\":\"ao0e3s1oeagjyuah6\",\"vendorItemId\":91342796007,\"searchId\":\"\",\"vendorItemIdAttributes\":\"40g_10개_unitPrice:529_vendorItemPrice:21170_deliveryType:3p_deliveryFee:0\"},\"version\":\"6\"}],\"exposureSchema\":{\"id\":\"5112\",\"mandatory\":{\"logCategory\":\"impression\",\"logType\":\"impression\",\"pageName\":\"option_list\",\"eventName\":\"option_list_item_impression\",\"domain\":\"sdp\",\"referSdpItem\":\"p6304732510_i26208186094_v83726045018\",\"sdpVisitKey\":\"ao0e3s1oeagjyuah6\",\"vendorItemId\":\"91342796007\",\"originalItemId\":26208186094,\"originalVendorItemId\":83726045018,\"searchId\":\"\",\"vendorItemIdAttributes\":\"40g_10개_unitPrice:529_vendorItemPrice:21170_deliveryType:3p_deliveryFee:0\"},\"version\":\"9\"}}}},\"deliveryInfo\":{\"deliveryDateDescriptions\":\"모레(금) 9/26 도착 예정 (판매자배송)\"},\"imageUrl\":\"//thumbnail8.coupangcdn.com/thumbnails/remote/164x164ex/image/vendor_inventory/3fca/d29a6939076afcf00185ec5c500aa9453476c672a6c92b9778ca10f0189e.png\",\"itemBasicInfo\":{\"invalid\":false,\"itemId\":25202344310,\"itemImage\":{\"image\":{\"height\":72,\"url\":\"http://thumbnail8.coupangcdn.com/thumbnails/remote/164x164ex/image/vendor_inventory/3fca/d29a6939076afcf00185ec5c500aa9453476c672a6c92b9778ca10f0189e.png\",\"width\":72}},\"itemName\":\"40g × 10개\",\"vendorItemId\":91342796007},\"priceInfo\":{\"finalDeliveryDescription\":\"무료배송\",\"finalPrice\":\"21,170원\",\"finalUnitPrice\":\"(10g당 529원)\"},\"stockInfo\":{\"logistics\":false,\"restockNotification\":false,\"soldOut\":false}},{\"action\":{\"event\":{\"url\":\"vp/products/6304732510/vendoritems/93140287325\"},\"logging\":{\"alwaysSentLiveLog\":false,\"bypass\":{\"clickSchemas\":[{\"id\":\"5104\",\"mandatory\":{\"domain\":\"sdp\",\"logCategory\":\"event\",\"logType\":\"click\",\"pageName\":\"option_list\",\"eventName\":\"option_list_click\",\"sdpVisitKey\":\"ao0e3s1oeagjyuah6\",\"vendorItemId\":93140287325,\"searchId\":\"\",\"vendorItemIdAttributes\":\"40g_24개_unitPrice:485_vendorItemPrice:46590_deliveryType:3p_deliveryFee:0\"},\"version\":\"6\"}],\"exposureSchema\":{\"id\":\"5112\",\"mandatory\":{\"logCategory\":\"impression\",\"logType\":\"impression\",\"pageName\":\"option_list\",\"eventName\":\"option_list_item_impression\",\"domain\":\"sdp\",\"referSdpItem\":\"p6304732510_i26208186094_v83726045018\",\"sdpVisitKey\":\"ao0e3s1oeagjyuah6\",\"vendorItemId\":\"93140287325\",\"originalItemId\":26208186094,\"originalVendorItemId\":83726045018,\"searchId\":\"\",\"vendorItemIdAttributes\":\"40g_24개_unitPrice:485_vendorItemPrice:46590_deliveryType:3p_deliveryFee:0\"},\"version\":\"9\"}}}},\"deliveryInfo\":{\"deliveryDateDescriptions\":\"모레(금) 9/26 도착 예정 (판매자배송)\"},\"imageUrl\":\"//thumbnail9.coupangcdn.com/thumbnails/remote/164x164ex/image/vendor_inventory/image_audit/stage/manual/d29a6939076afcf00185ec5c500aa9453476c672a6c92b9778ca10f0189e_1754355818745.png\",\"itemBasicInfo\":{\"invalid\":false,\"itemId\":21366987476,\"itemImage\":{\"image\":{\"height\":72,\"url\":\"http://thumbnail9.coupangcdn.com/thumbnails/remote/164x164ex/image/vendor_inventory/image_audit/stage/manual/d29a6939076afcf00185ec5c500aa9453476c672a6c92b9778ca10f0189e_1754355818745.png\",\"width\":72}},\"itemName\":\"40g × 24개\",\"vendorItemId\":93140287325},\"priceInfo\":{\"finalDeliveryDescription\":\"무료배송\",\"finalPrice\":\"46,590원\",\"finalUnitPrice\":\"(10g당 485원)\"},\"stockInfo\":{\"logistics\":false,\"restockNotification\":false,\"soldOut\":false}},{\"action\":{\"event\":{\"url\":\"vp/products/6304732510/vendoritems/93238420182\"},\"logging\":{\"alwaysSentLiveLog\":false,\"bypass\":{\"clickSchemas\":[{\"id\":\"5104\",\"mandatory\":{\"domain\":\"sdp\",\"logCategory\":\"event\",\"logType\":\"click\",\"pageName\":\"option_list\",\"eventName\":\"option_list_click\",\"sdpVisitKey\":\"ao0e3s1oeagjyuah6\",\"vendorItemId\":93238420182,\"searchId\":\"\",\"vendorItemIdAttributes\":\"120g_1세트_unitPrice:4242_vendorItemPrice:50900_deliveryType:3p_deliveryFee:0\"},\"version\":\"6\"}],\"exposureSchema\":{\"id\":\"5112\",\"mandatory\":{\"logCategory\":\"impression\",\"logType\":\"impression\",\"pageName\":\"option_list\",\"eventName\":\"option_list_item_impression\",\"domain\":\"sdp\",\"referSdpItem\":\"p6304732510_i26208186094_v83726045018\",\"sdpVisitKey\":\"ao0e3s1oeagjyuah6\",\"vendorItemId\":\"93238420182\",\"originalItemId\":26208186094,\"originalVendorItemId\":83726045018,\"searchId\":\"\",\"vendorItemIdAttributes\":\"120g_1세트_unitPrice:4242_vendorItemPrice:50900_deliveryType:3p_deliveryFee:0\"},\"version\":\"9\"}}}},\"deliveryInfo\":{\"deliveryDateDescriptions\":\"모레(금) 9/26 도착 예정 (판매자배송)\"},\"imageUrl\":\"//thumbnail9.coupangcdn.com/thumbnails/remote/164x164ex/image/vendor_inventory/b547/1ec17b477c8fc5c367a9949c95493b2b139278d4c14faa72171e55666a3d.jpg\",\"itemBasicInfo\":{\"invalid\":false,\"itemId\":26260097852,\"itemImage\":{\"image\":{\"height\":72,\"url\":\"http://thumbnail9.coupangcdn.com/thumbnails/remote/164x164ex/image/vendor_inventory/b547/1ec17b477c8fc5c367a9949c95493b2b139278d4c14faa72171e55666a3d.jpg\",\"width\":72}},\"itemName\":\"120g × 1세트\",\"vendorItemId\":93238420182},\"priceInfo\":{\"finalDeliveryDescription\":\"무료배송\",\"finalPrice\":\"50,900원\",\"finalUnitPrice\":\"(10g당 4,242원)\"},\"stockInfo\":{\"logistics\":false,\"restockNotification\":false,\"soldOut\":false}},{\"action\":{\"event\":{\"url\":\"vp/products/6304732510/vendoritems/91295034077\"},\"logging\":{\"alwaysSentLiveLog\":false,\"bypass\":{\"clickSchemas\":[{\"id\":\"5104\",\"mandatory\":{\"domain\":\"sdp\",\"logCategory\":\"event\",\"logType\":\"click\",\"pageName\":\"option_list\",\"eventName\":\"option_list_click\",\"sdpVisitKey\":\"ao0e3s1oeagjyuah6\",\"vendorItemId\":91295034077,\"searchId\":\"\",\"vendorItemIdAttributes\":\"320g_1개_unitPrice:514_vendorItemPrice:16460_deliveryType:3p_deliveryFee:0\"},\"version\":\"6\"}],\"exposureSchema\":{\"id\":\"5112\",\"mandatory\":{\"logCategory\":\"impression\",\"logType\":\"impression\",\"pageName\":\"option_list\",\"eventName\":\"option_list_item_impression\",\"domain\":\"sdp\",\"referSdpItem\":\"p6304732510_i26208186094_v83726045018\",\"sdpVisitKey\":\"ao0e3s1oeagjyuah6\",\"vendorItemId\":\"91295034077\",\"originalItemId\":26208186094,\"originalVendorItemId\":83726045018,\"searchId\":\"\",\"vendorItemIdAttributes\":\"320g_1개_unitPrice:514_vendorItemPrice:16460_deliveryType:3p_deliveryFee:0\"},\"version\":\"9\"}}}},\"deliveryInfo\":{\"deliveryDateDescriptions\":\"모레(금) 9/26 도착 예정 (판매자배송)\"},\"imageUrl\":\"//thumbnail7.coupangcdn.com/thumbnails/remote/164x164ex/image/vendor_inventory/fb5a/fb5ea764c43d7c2a020412c73cec0f214f004f428aa546cac702e06bc074.png\",\"itemBasicInfo\":{\"invalid\":false,\"itemId\":13055550171,\"itemImage\":{\"image\":{\"height\":72,\"url\":\"http://thumbnail7.coupangcdn.com/thumbnails/remote/164x164ex/image/vendor_inventory/fb5a/fb5ea764c43d7c2a020412c73cec0f214f004f428aa546cac702e06bc074.png\",\"width\":72}},\"itemName\":\"320g × 1개\",\"vendorItemId\":91295034077},\"priceInfo\":{\"finalDeliveryDescription\":\"무료배송\",\"finalPrice\":\"16,460원\",\"finalUnitPrice\":\"(10g당 514원)\"},\"stockInfo\":{\"logistics\":false,\"restockNotification\":false,\"soldOut\":false}},{\"action\":{\"event\":{\"url\":\"vp/products/6304732510/vendoritems/93187263905\"},\"logging\":{\"alwaysSentLiveLog\":false,\"bypass\":{\"clickSchemas\":[{\"id\":\"5104\",\"mandatory\":{\"domain\":\"sdp\",\"logCategory\":\"event\",\"logType\":\"click\",\"pageName\":\"option_list\",\"eventName\":\"option_list_click\",\"sdpVisitKey\":\"ao0e3s1oeagjyuah6\",\"vendorItemId\":93187263905,\"searchId\":\"\",\"vendorItemIdAttributes\":\"320g_2개_unitPrice:466_vendorItemPrice:29820_deliveryType:3p_deliveryFee:0\"},\"version\":\"6\"}],\"exposureSchema\":{\"id\":\"5112\",\"mandatory\":{\"logCategory\":\"impression\",\"logType\":\"impression\",\"pageName\":\"option_list\",\"eventName\":\"option_list_item_impression\",\"domain\":\"sdp\",\"referSdpItem\":\"p6304732510_i26208186094_v83726045018\",\"sdpVisitKey\":\"ao0e3s1oeagjyuah6\",\"vendorItemId\":\"93187263905\",\"originalItemId\":26208186094,\"originalVendorItemId\":83726045018,\"searchId\":\"\",\"vendorItemIdAttributes\":\"320g_2개_unitPrice:466_vendorItemPrice:29820_deliveryType:3p_deliveryFee:0\"},\"version\":\"9\"}}}},\"deliveryInfo\":{\"deliveryDateDescriptions\":\"모레(금) 9/26 도착 예정 (판매자배송)\"},\"imageUrl\":\"//thumbnail10.coupangcdn.com/thumbnails/remote/164x164ex/image/vendor_inventory/e1bf/efd3c9991e90a771d56139fe0a0819175bbb69e48369bec3488f5f606f02.jpeg\",\"itemBasicInfo\":{\"invalid\":false,\"itemId\":26188603994,\"itemImage\":{\"image\":{\"height\":72,\"url\":\"http://thumbnail10.coupangcdn.com/thumbnails/remote/164x164ex/image/vendor_inventory/e1bf/efd3c9991e90a771d56139fe0a0819175bbb69e48369bec3488f5f606f02.jpeg\",\"width\":72}},\"itemName\":\"320g × 2개\",\"vendorItemId\":93187263905},\"priceInfo\":{\"finalDeliveryDescription\":\"무료배송\",\"finalPrice\":\"29,820원\",\"finalUnitPrice\":\"(10g당 466원)\"},\"stockInfo\":{\"logistics\":false,\"restockNotification\":false,\"soldOut\":false}},{\"action\":{\"event\":{\"url\":\"vp/products/6304732510/vendoritems/93124619601\"},\"logging\":{\"alwaysSentLiveLog\":false,\"bypass\":{\"clickSchemas\":[{\"id\":\"5104\",\"mandatory\":{\"domain\":\"sdp\",\"logCategory\":\"event\",\"logType\":\"click\",\"pageName\":\"option_list\",\"eventName\":\"option_list_click\",\"sdpVisitKey\":\"ao0e3s1oeagjyuah6\",\"vendorItemId\":93124619601,\"searchId\":\"\",\"vendorItemIdAttributes\":\"320g_3개_unitPrice:465_vendorItemPrice:44680_deliveryType:3p_deliveryFee:0\"},\"version\":\"6\"}],\"exposureSchema\":{\"id\":\"5112\",\"mandatory\":{\"logCategory\":\"impression\",\"logType\":\"impression\",\"pageName\":\"option_list\",\"eventName\":\"option_list_item_impression\",\"domain\":\"sdp\",\"referSdpItem\":\"p6304732510_i26208186094_v83726045018\",\"sdpVisitKey\":\"ao0e3s1oeagjyuah6\",\"vendorItemId\":\"93124619601\",\"originalItemId\":26208186094,\"originalVendorItemId\":83726045018,\"searchId\":\"\",\"vendorItemIdAttributes\":\"320g_3개_unitPrice:465_vendorItemPrice:44680_deliveryType:3p_deliveryFee:0\"},\"version\":\"9\"}}}},\"deliveryInfo\":{\"deliveryDateDescriptions\":\"모레(금) 9/26 도착 예정 (판매자배송)\"},\"imageUrl\":\"//thumbnail10.coupangcdn.com/thumbnails/remote/164x164ex/image/vendor_inventory/e1bf/efd3c9991e90a771d56139fe0a0819175bbb69e48369bec3488f5f606f02.jpeg\",\"itemBasicInfo\":{\"invalid\":false,\"itemId\":16892205971,\"itemImage\":{\"image\":{\"height\":72,\"url\":\"http://thumbnail10.coupangcdn.com/thumbnails/remote/164x164ex/image/vendor_inventory/e1bf/efd3c9991e90a771d56139fe0a0819175bbb69e48369bec3488f5f606f02.jpeg\",\"width\":72}},\"itemName\":\"320g × 3개\",\"vendorItemId\":93124619601},\"priceInfo\":{\"finalDeliveryDescription\":\"무료배송\",\"finalPrice\":\"44,680원\",\"finalUnitPrice\":\"(10g당 465원)\"},\"stockInfo\":{\"logistics\":false,\"restockNotification\":false,\"soldOut\":false}}],\"titleName\":\"개당 중량 × 수량\",\"viewType\":\"PRODUCT_DETAIL_OPTION_LIST\"},{\"deliveryInfo\":{\"nonMemberDelivery\":{\"arrivalMessage\":[{\"color\":\"#212B36\",\"size\":14,\"text\":\"모레(금) 9/26 도착 예정\"}],\"shippingFeeTag\":[{\"bold\":true,\"color\":\"#212B36\",\"size\":14,\"text\":\"무료배송\"}]},\"wowMemberDelivery\":{\"arrivalMessage\":[{\"color\":\"#212B36\",\"size\":14,\"text\":\"모레(금) 9/26 도착 예정\"}],\"shippingFeeTag\":[{\"bold\":true,\"color\":\"#212B36\",\"size\":14,\"text\":\"무료배송\"}]}},\"itemInfo\":{\"itemId\":26208186094,\"itemName\":\"한미약품 추억의 텐텐 딸기맛 츄어블 멀티비타민 어린이영양제 딸기맛 40g 80정 1박스\",\"productId\":6304732510,\"thumbnailImage\":{\"height\":60,\"url\":\"https://image7.coupangcdn.com/image/vendor_inventory/844f/9f3832c7ce09599e368fad42b2f4ca5178c971284aa14bc8fed931590a6e.jpg\",\"width\":60},\"vendorItemId\":83726045018},\"priceInfo\":{\"finalPrice\":{\"applicable\":true,\"displayPrice\":\"19,020원\",\"price\":19020},\"finalPriceDiscountRate\":36,\"originalPrice\":{\"applicable\":true,\"displayPrice\":\"30,000원\",\"price\":30000}},\"viewType\":\"PRODUCT_DETAIL_HANDLEBAR_BASE_INFO\"},{\"pddList\":[{\"arrivalDate\":1758898799999,\"arrivalMessage\":\"모레(금) 9/26 도착 예정\",\"deliveryChargeType\":\"FREE\",\"deliveryCompany\":\"CJ 대한통운\",\"freeShippingThreshold\":0,\"is3pDelivery\":true,\"wowArrivalDate\":1758898799999,\"wowShippingSpeed\":\"STANDARD\"}],\"viewType\":\"PRODUCT_DETAIL_DELIVERY_INFO\"},{\"sellerInfo\":{\"sellerName\":\"주식회사 신세계메디팜\",\"sellerNameLabel\":\"판매자: \"},\"viewType\":\"PRODUCT_DETAIL_SELLER_INFO\"}],\"price\":{\"cashPromotionMessage\":null,\"couponDiscountAmount\":null,\"couponPrice\":\"19,020\",\"couponPriceTitle\":\"\",\"couponUnitPrice\":\"10g당 5,943,750원\",\"description\":null,\"discountRate\":\"36\",\"finalPrice\":\"19,020\",\"gppuPricePolicy\":[{\"description\":\"업체의 권장소비자가 또는 공식 판매처 판매가 또는 도서 정가(도서 정가제 대상인 경우)입니다. 해당 가격이 없는 경우 90일 내 쿠팡에서 판매된 가격 중 가장 높은 가격을 표시합니다.\",\"priceInfo\":\"\u003cspan class='discount-rate'\u003e36%\u003c/span\u003e\u003cspan class='origin-price'\u003e30,000원\u003c/span\u003e\"}],\"hasNormalCouponDiscount\":false,\"hasNormalInstantDiscount\":false,\"hasWowCouponDiscount\":false,\"hasWowInstantDiscount\":false,\"i18nCouponDiscountAmount\":null,\"i18nCouponPrice\":{\"amount\":\"19020\",\"currency\":\"KRW\",\"fractionDigits\":0,\"rawAmount\":null},\"i18nOriginPrice\":{\"amount\":\"30000\",\"currency\":\"KRW\",\"fractionDigits\":0,\"rawAmount\":null},\"i18nPriceAmount\":null,\"i18nSalePrice\":{\"amount\":\"19020\",\"currency\":\"KRW\",\"fractionDigits\":0,\"rawAmount\":null},\"instantDiscount\":false,\"instantPriceType\":null,\"loyaltyButtonText\":null,\"loyaltyRegistrationUrl\":null,\"originPrice\":\"30,000\",\"originalPriceDesc\":null,\"priceAmount\":null,\"salePrice\":\"19,020\",\"salePriceTitle\":\"\",\"saleUnitPrice\":\"10g당 5,943,750원\",\"title\":null,\"type\":null,\"unitDiscountRate\":null,\"unitPrice\":null,\"wowCouponDiscount\":false},\"priceList\":[{\"cashPromotionMessage\":null,\"couponDiscountAmount\":null,\"couponPrice\":null,\"couponPriceTitle\":null,\"couponUnitPrice\":null,\"description\":null,\"discountRate\":null,\"finalPrice\":null,\"gppuPricePolicy\":null,\"hasNormalCouponDiscount\":false,\"hasNormalInstantDiscount\":false,\"hasWowCouponDiscount\":false,\"hasWowInstantDiscount\":false,\"i18nCouponDiscountAmount\":null,\"i18nCouponPrice\":null,\"i18nOriginPrice\":null,\"i18nPriceAmount\":{\"amount\":\"19020\",\"currency\":\"KRW\",\"fractionDigits\":0,\"rawAmount\":null},\"i18nSalePrice\":null,\"instantDiscount\":null,\"instantPriceType\":null,\"loyaltyButtonText\":null,\"loyaltyRegistrationUrl\":null,\"originPrice\":null,\"originalPriceDesc\":null,\"priceAmount\":\"19,020\",\"salePrice\":null,\"salePriceTitle\":null,\"saleUnitPrice\":null,\"title\":\"쿠팡판매가\",\"type\":\"SALES\",\"unitDiscountRate\":null,\"unitPrice\":\"10g당 5,943,750원\",\"wowCouponDiscount\":false}],\"priceUnit\":\"원\",\"quantity\":1,\"quantityLimitationVO\":null,\"selectedIndex\":0,\"shipmentDisplayType\":\"NORMAL\",\"shippingFee\":{\"dividerIcon\":null,\"extremeMessage\":null,\"freeShippingConditionMessage\":null,\"message\":\"\u003cem class='prod-txt-bold'\u003e무료배송\u003c/em\u003e\",\"popupFreeShippingConditionMessage\":null,\"returnFeeMessage\":null,\"shippingFee\":\"0\",\"shippingFeeIcon\":null,\"shippingFeeType\":\"FREE\",\"title\":null,\"titleIcon\":null},\"shippingFeeList\":[{\"dividerIcon\":null,\"extremeMessage\":null,\"freeShippingConditionMessage\":null,\"message\":\"\u003cem class='prod-txt-bold'\u003e무료배송\u003c/em\u003e\",\"popupFreeShippingConditionMessage\":null,\"returnFeeMessage\":null,\"shippingFee\":null,\"shippingFeeIcon\":null,\"shippingFeeType\":\"FREE\",\"title\":null,\"titleIcon\":null}],\"subscriptionDelivery\":null,\"subscriptionDiscountRate\":-1,\"subscriptionPrice\":null,\"subscriptionPriceList\":[],\"wowOnlyInstantDiscountRate\":0}],\"ratingAverage\":null,\"ratingAveragePercentage\":100,\"ratingCount\":\"4,582\",\"restockNotification\":false,\"retail\":false,\"rocketLuxuryDisclaimer\":null,\"rodImageUrlInfoVo\":null,\"roleCode\":2,\"ruleBasedTitle\":null,\"sellingInfoVo\":{\"countryOfOrigin\":\"상품 상세페이지 참조\",\"sellingInfo\":[\"건강식품 타입: 츄어블\",\"건강식품 사용대상: 어린이\",\"쿠팡상품번호: 6304732510 - 26208186094\"]},\"shippingConsolidationLink\":null,\"soldOut\":false,\"stickBanners\":[],\"subscribeInfo\":null,\"summary\":[],\"supplier\":null,\"title\":\"한미약품 추억의 텐텐 딸기맛 츄어블 멀티비타민 어린이영양제 딸기맛 40g 80정 1박스, 0.032g, 1개\",\"topSellingInfo\":null,\"trackMeta\":{\"categoryId\":null,\"clickItemId\":null,\"clickProductId\":6304732510,\"clickVendorItemId\":83726045018,\"emailDealWithoutCookieMessage\":null,\"emailEventDeal\":false,\"q\":\"\",\"sdpVisitKey\":\"ao0e3s1oeagjyuah6\",\"searchId\":\"feed-cee516840d704d5986e2ab33448c1457-3.33.55:related_ads\",\"sourceType\":\"HOME_RELATED_ADS\",\"style\":\"NORMAL\",\"traid\":\"\",\"trcid\":\"\"},\"used\":false,\"vendor\":{\"id\":\"A00498353\",\"link\":\"https://shop.coupang.com/vid/A00498353?source=brandstore_sdp_atf\u0026pid=6304732510\u0026viid=83726045018\u0026ocid=5174380\u0026platform=p\",\"name\":\"주식회사 신세계메디팜\",\"sellerStoreRating\":{\"display\":{\"descriptionText\":\"563\",\"icon\":\"https://image.coupangcdn.com/image/mobile_app/v3/badges/thumbs_up/xxhdpi/ic_thumbsup_outline_black_buybox.png\",\"label\":\"판매자 평가\",\"score\":\"95%\"},\"notice\":{\"declaration\":\"이 판매자가 제공하는 전체적인 서비스에 대한 고객의 만족도입니다.\u003cbr/\u003e(배송, 포장, 고객응대, 가격, 유통기한 등) \",\"noReviewReminder\":null,\"storeIcon\":\"https://image.coupangcdn.com/image/coupang/rds/icon/xxhdpi/ic_seller_outline.png\",\"storeName\":\"주식회사 신세계메디팜\",\"title\":\"판매자 평가\"},\"total\":563}},\"vendorItemId\":83726045018,\"warrantyServiceVo\":null,\"wishList\":false},\"staticData\":{\"webbuildNo\":\"20250923160044\",\"isLogin\":false,\"memberId\":null,\"trCid\":null,\"trAid\":null,\"email\":null,\"ssrContent\":null,\"productId\":6304732510,\"itemId\":null,\"vendorItemId\":null,\"isThrottledProduct\":null,\"unknownProductPageLink\":null,\"useBtfInterstellar\":true,\"itemProductId\":\"0\",\"tcFixOptionTableDeliveryFee\":true,\"fix_exposing_trial_ux_to_withdraw_flag\":null,\"msg\":null,\"returnUrl\":null,\"sectionType\":\"product\",\"isRowControl\":false,\"controller\":\"sdp-webpack\",\"ab24540IsB\":null,\"ab24540Value\":null,\"enableFlexReturn\":null,\"refurbProductStatusDescription\":null,\"smartGradingVOC\":null,\"moveShippingAndPddMessageAboveOptionTable\":false,\"showRatingDetailsUponHover\":null,\"sdpModel\":\"$18:props:children:2:props:children:1:props:atfData\",\"redCarpetPromotionPopupInfo\":null,\"og\":null,\"isSubscribe\":false,\"hideSideBar\":true,\"postCategoryLayer\":true,\"customHeader\":true,\"customRequire\":true,\"isEntryFromSdp\":true,\"lazyWidget\":true,\"asyncFooter\":true,\"lazy3rdPartyTag\":true,\"asyncTtiFlag\":false,\"productReportUrlPath\":\"/np/productreport/receipt?productId=6304732510\",\"dataAttr\":\"{\\\"productId\\\":\\\"6304732510\\\",\\\"cartApiUrl\\\":\\\"//cart.coupang.com\\\"}\",\"cartApiUrl\":\"//cart.coupang.com\",\"viRoleCode\":2,\"sdpIssueTypes\":{\"DEFAULT\":\"상세페이지의 어느 부분인가요?\",\"BRAND\":\"브랜드\",\"IMAGE\":\"대표이미지 \u003cem\u003e(상단 상품이미지)\u003c/em\u003e\",\"TITLE\":\"상품명\",\"CATEGORY\":\"카테고리 \u003cem\u003e(식품/뷰티/주방용품 등)\u003c/em\u003e\",\"ATTRIBUTE\":\"구매옵션 \u003cem\u003e(용량/수량/사이즈/색상 등)\u003c/em\u003e\",\"CONTENT_DETAIL\":\"상품상세 \u003cem\u003e(하단 상품의 특장점을 소개하는 글과 이미지)\u003c/em\u003e\",\"ETC\":\"기타\"},\"leafCategoryInfo\":{\"categoryId\":1427,\"componentId\":null,\"name\":\"비타민\",\"parentsCategoryNames\":[\"건강식품\",\"건강식품\",\"식품\",\"KAN\",\"HOME\"]},\"deliveryFeeToggleStatus\":false,\"vendorItemMap\":null,\"attributes\":null,\"apiUrlInfo\":null,\"productName\":null,\"applyGiftCardInterstellar\":null,\"sourceType\":null,\"sdpVisitKey\":null,\"invalidProduct\":null,\"invalidUnknownProduct\":null,\"announcementBar\":null,\"bundleOption\":{\"optionDetails\":null,\"options\":[],\"viewType\":null},\"wowBenefitSamedayDelivery\":null,\"isOnHoldWowMember\":false,\"applyResponsivePC\":\"B\",\"seoRatingAverage\":4.8,\"addRatingScore\":false,\"addRatingScoreTC\":false,\"moveAtcAndBuyNowCtasAtf\":false,\"disableSDPStickyGnb\":true,\"fixUsedGoldFishSellerDetailInfoIssue\":null,\"isIphonePreOrder\":null,\"isTlf\":false,\"useSimpleBtf\":false,\"oosCheckBeforeDP\":false,\"fixCoupayMoneyDisclaimer\":true,\"hideAddToWish\":false,\"sdpIncorrectReport\":false,\"applyNewOOSStyle\":true,\"falconDelivery\":true,\"otherSellerApplyInterstellar\":true,\"applyBrandShopWidget\":true,\"applyLoyaltyRocketFreshMvp\":false,\"applyUnknownCustomerHandling\":true,\"applyAdBanners\":true,\"apply3pWarningBanner\":true,\"fraud3pReportNumShow\":\"B\",\"changePositionSdpMidCarouselAdMarker\":\"A\",\"applyStrikeCompanyNotice\":\"false\",\"applyOptionDisclaimer\":\"false\",\"applyLumberJackErrorLog\":true,\"showBSR\":false,\"ompSdpWidgetPosition\":\"D\",\"jikguSdpWidgetPosition\":\"B\",\"reorderingSdpWidgets\":true,\"applyRocketInstallToPreOrder\":true,\"delayedPddDesignChange\":\"false\",\"displayRocketLuxuryDelayedPdd\":false,\"displayTopReviewAttributeForStyle\":\"B\",\"enableMiniCart\":false,\"sdpWishNewTip\":true,\"applyMidCarouselDCOConverting\":\"false\",\"enableGoogleInterestGroup\":true,\"overseasItemType\":null,\"pureServerTime\":169,\"pcid\":\"17585444832052361057423\",\"memberSrl\":\"0\",\"isFreshReturnPolicyChange\":true,\"isRocketPlus2DescriptionChangeTarget\":true,\"showResponsiveGnb\":false,\"sellerIngressABFlag\":\"C\",\"showRecentViewButton\":false,\"hideReviews\":false,\"applyNewGNBIcons\":true,\"showResponsiveGnbAddMaxWidth\":true,\"abOfReturnedDisclaimer\":\"B\",\"fixVendorSectionDisplay\":true,\"applyBreadcrumbsNewStyle\":true,\"changeShareImageUrl\":true,\"useNewShareLink\":null,\"changeQuantityPickerInteraction\":false,\"vendorItemPackageId\":null,\"pageTitle\":null,\"canonical\":null,\"metaDescription\":null,\"pageName\":\"sdp\",\"bestAward\":null,\"seoFeature\":{\"disableCSR\":false,\"features\":{\"sdpBreadcrumbs\":[{\"id\":510591,\"linkCode\":\"510691\",\"name\":\"쿠팡수입\",\"ordering\":0,\"asset\":{},\"selected\":false,\"showChildren\":false,\"linkUri\":\"/np/categories/510691\",\"productCount\":0,\"componentScore\":0,\"visibleChildren\":[],\"selectedWithChildren\":false,\"clickIgnoreCoupangCategoryArea\":false,\"isCategoryBarThreeDepthOver\":false,\"selectedLabelString\":\"\",\"defaultOrMainUsageType\":true,\"mainUsageType\":false,\"subUsageType\":false,\"optionUsageType\":false,\"linkCodeEqualsParentLinkCode\":false,\"leafCategory\":true,\"notLeafCategory\":false,\"componentAssets\":{},\"visible\":true},{\"id\":519519,\"linkCode\":\"519619\",\"name\":\"식품\",\"ordering\":0,\"asset\":{},\"selected\":false,\"showChildren\":false,\"linkUri\":\"/np/categories/519619\",\"productCount\":0,\"componentScore\":0,\"visibleChildren\":[],\"selectedWithChildren\":false,\"clickIgnoreCoupangCategoryArea\":false,\"isCategoryBarThreeDepthOver\":false,\"selectedLabelString\":\"\",\"defaultOrMainUsageType\":true,\"mainUsageType\":false,\"subUsageType\":false,\"optionUsageType\":false,\"linkCodeEqualsParentLinkCode\":false,\"leafCategory\":true,\"notLeafCategory\":false,\"componentAssets\":{},\"visible\":true},{\"id\":519682,\"linkCode\":\"519782\",\"name\":\"과자/초콜릿/시리얼\",\"ordering\":0,\"asset\":{},\"selected\":false,\"showChildren\":false,\"linkUri\":\"/np/categories/519782\",\"productCount\":0,\"componentScore\":0,\"visibleChildren\":[],\"selectedWithChildren\":false,\"clickIgnoreCoupangCategoryArea\":false,\"isCategoryBarThreeDepthOver\":false,\"selectedLabelString\":\"\",\"defaultOrMainUsageType\":true,\"mainUsageType\":false,\"subUsageType\":false,\"optionUsageType\":false,\"linkCodeEqualsParentLinkCode\":false,\"leafCategory\":true,\"notLeafCategory\":false,\"componentAssets\":{},\"visible\":true},{\"id\":519709,\"linkCode\":\"519809\",\"name\":\"사탕/껌\",\"ordering\":0,\"asset\":{},\"selected\":false,\"showChildren\":false,\"linkUri\":\"/np/categories/519809\",\"productCount\":0,\"componentScore\":0,\"visibleChildren\":[],\"selectedWithChildren\":false,\"clickIgnoreCoupangCategoryArea\":false,\"isCategoryBarThreeDepthOver\":false,\"selectedLabelString\":\"\",\"defaultOrMainUsageType\":true,\"mainUsageType\":false,\"subUsageType\":false,\"optionUsageType\":false,\"linkCodeEqualsParentLinkCode\":false,\"leafCategory\":true,\"notLeafCategory\":false,\"componentAssets\":{},\"visible\":true},{\"id\":519710,\"linkCode\":\"519810\",\"name\":\"사탕\",\"ordering\":0,\"asset\":{},\"selected\":false,\"showChildren\":false,\"linkUri\":\"/np/categories/519810\",\"productCount\":0,\"componentScore\":0,\"visibleChildren\":[],\"selectedWithChildren\":false,\"clickIgnoreCoupangCategoryArea\":false,\"isCategoryBarThreeDepthOver\":false,\"selectedLabelString\":\"\",\"defaultOrMainUsageType\":true,\"mainUsageType\":false,\"subUsageType\":false,\"optionUsageType\":false,\"linkCodeEqualsParentLinkCode\":false,\"leafCategory\":true,\"notLeafCategory\":false,\"componentAssets\":{},\"visible\":true}],\"seoMetaUpdated\":true,\"seoMetaTags\":{\"title\":\"한미약품 추억의 텐텐 딸기맛 츄어블 멀티비타민 어린이영양제 딸기맛 40g 80정 1박스, 0.032g, 1개 - 사탕 | 쿠팡\",\"image\":\"//thumbnail.coupangcdn.com/thumbnails/remote/492x492ex/image/vendor_inventory/844f/9f3832c7ce09599e368fad42b2f4ca5178c971284aa14bc8fed931590a6e.jpg\",\"imageWidth\":492,\"imageHeight\":492,\"url\":null,\"description\":\"현재 별점 4.8점, 리뷰 4582개를 가진 한미약품 추억의 텐텐 딸기맛 츄어블 멀티비타민 어린이영양제 딸기맛 40g 80정 1박스, 0.032g, 1개! 지금 쿠팡에서 더 저렴하고 다양한 사탕 제품들을 확인해보세요.\",\"type\":\"website\",\"locale\":\"ko_KR\",\"siteName\":\"쿠팡\",\"canonical\":null,\"ogSiteName\":null,\"ogLocale\":null,\"ogTitle\":\"한미약품 추억의 텐텐 딸기맛 츄어블 멀티비타민 어린이영양제 딸기맛 40g 80정 1박스, 0.032g, 1개 - 사탕 | 쿠팡\",\"ogUrl\":null,\"ogImage\":null,\"ogDescription\":\"현재 별점 4.8점, 리뷰 4582개를 가진 한미약품 추억의 텐텐 딸기맛 츄어블 멀티비타민 어린이영양제 딸기맛 40g 80정 1박스, 0.032g, 1개! 지금 쿠팡에서 더 저렴하고 다양한 사탕 제품들을 확인해보세요.\",\"ogType\":null},\"schemaMarkups\":{\"product\":{\"@context\":\"https://schema.org/\",\"@type\":\"Product\",\"sku\":\"6304732510-26208186094\",\"name\":\"한미약품 추억의 텐텐 딸기맛 츄어블 멀티비타민 어린이영양제 딸기맛 40g 80정 1박스, 0.032g, 1개\",\"image\":[\"https://thumbnail.coupangcdn.com/thumbnails/remote/492x492ex/image/vendor_inventory/844f/9f3832c7ce09599e368fad42b2f4ca5178c971284aa14bc8fed931590a6e.jpg\",\"https://thumbnail.coupangcdn.com/thumbnails/remote/492x492ex/image/vendor_inventory/17ea/88d9bf30bab366466db56d4a4bc1dc75fd5d660b7d7947a03506673be3eb.jpg\",\"https://thumbnail.coupangcdn.com/thumbnails/remote/492x492ex/image/vendor_inventory/ee00/d20a87e5594dea9c043e5ee7dd08390aa5d09e8d5c253694e0f55143531f.jpg\",\"https://thumbnail.coupangcdn.com/thumbnails/remote/492x492ex/image/vendor_inventory/6da3/9a41c64766cebddb742efc35eefb38c5af78ad29a55d36ea42f16b2be1a7.jpg\"],\"description\":\"현재 별점 4.8점, 리뷰 4582개를 가진 한미약품 추억의 텐텐 딸기맛 츄어블 멀티비타민 어린이영양제 딸기맛 40g 80정 1박스, 0.032g, 1개! 지금 쿠팡에서 더 저렴하고 다양한 사탕 제품들을 확인해보세요.\",\"offers\":{\"priceCurrency\":\"KRW\",\"shippingDetails\":{\"shippingRate\":{\"@type\":\"MonetaryAmount\",\"value\":\"0\",\"currency\":\"KRW\"},\"@type\":\"OfferShippingDetails\",\"shippingDestination\":{\"addressCountry\":\"KR\",\"@type\":\"DefinedRegion\",\"addressRegion\":[\"Seoul\"]}},\"priceSpecification\":{\"priceCurrency\":\"KRW\",\"@type\":\"UnitPriceSpecification\",\"price\":\"30000\",\"priceType\":\"https://schema.org/StrikethroughPrice\"},\"@type\":\"Offer\",\"price\":\"19020\",\"availability\":\"https://schema.org/InStock\",\"url\":\"https://www.coupang.com/vp/products/6304732510?itemId=26208186094\u0026vendorItemId=83726045018\"},\"aggregateRating\":{\"@type\":\"AggregateRating\",\"ratingValue\":4.8,\"ratingCount\":\"4582\"}}}}},\"removeWowFreeTrial\":true,\"redirectForOrganicTrafficTarget\":false,\"pcsRedirectTargetAndroid\":false,\"isOnlyKrOption\":true,\"isOnlyTwOption\":false,\"cmgWebParity\":true,\"enableAllAds\":true,\"esgRecycleNotice\":false,\"seoRedirectUrl\":null,\"show_PII_NOTIFICATION\":false},\"btfData\":\"$undefined\",\"disableAside\":false}],[]]}]]}]\n"])</script><script>self.__next_f.push([1,"1d:I[74501,[\"7939\",\"static/chunks/23d1c445-3fb1b5714cafd795.js\",\"1453\",\"static/chunks/eef9e134-6da3a90b6cb6baa9.js\",\"6232\",\"static/chunks/6232-e7c40857e329aed4.js\",\"9938\",\"static/chunks/9938-fd475d8af17ea706.js\",\"9885\",\"static/chunks/9885-38ad89e3267809e5.js\",\"231\",\"static/chunks/231-0949e9ac6725a831.js\",\"7810\",\"static/chunks/7810-cde3d86f800a418b.js\",\"1736\",\"static/chunks/app/products/%5BproductId%5D/page-808f9f8ac8af238f.js\"],\"I18nProvider\"]\n1e:I[55928,[\"6392\",\"static/chunks/6392-065590eb24fb825a.js\",\"7755\",\"static/chunks/app/products/%5BproductId%5D/layout-9b42b8658d138048.js\"],\"ClientContextProvider\"]\n20:I[82875,[\"6392\",\"static/chunks/6392-065590eb24fb825a.js\",\"7755\",\"static/chunks/app/products/%5BproductId%5D/layout-9b42b8658d138048.js\"],\"\"]\n1c:T70e0,"])</script><script>self.__next_f.push([1,"\u003cdiv id=\"wa-config\" data-currency=\"__원\" data-arrow-left=\"https://front.coupangcdn.com/front-web-next/_next/static/media/arrow_left.128503b7.png\" data-t=\"{\u0026quot;94b7db\u0026quot;:\u0026quot;닫기\u0026quot;,\u0026quot;ff1379\u0026quot;:\u0026quot;삭제가 안됐나요? 다시 한번 해보세요.\u0026quot;,\u0026quot;52624c\u0026quot;:\u0026quot;최근본 상품이\u0026quot;,\u0026quot;7779d6\u0026quot;:\u0026quot;없습니다.\u0026quot;,\u0026quot;2d47c8\u0026quot;:\u0026quot;다시 시도해 주세요.\u0026quot;,\u0026quot;back\u0026quot;:\u0026quot;뒤로가기\u0026quot;,\u0026quot;4b8d54\u0026quot;:\u0026quot;검색\u0026quot;,\u0026quot;990d4f\u0026quot;:\u0026quot;마이크\u0026quot;,\u0026quot;2bdfeb\u0026quot;:\u0026quot;최근검색어켜기\u0026quot;,\u0026quot;c8917d\u0026quot;:\u0026quot;최근검색어끄기\u0026quot;,\u0026quot;fd74f0\u0026quot;:\u0026quot;검색어\u0026quot;,\u0026quot;8124e8\u0026quot;:\u0026quot;최근\u0026quot;,\u0026quot;fc81e2\u0026quot;:\u0026quot;삭제\u0026quot;,\u0026quot;f3dc4f\u0026quot;:\u0026quot;최근 검색어 저장 기능이 꺼져 있습니다.\u0026quot;,\u0026quot;4bcb41\u0026quot;:\u0026quot;여행/티켓\u0026quot;,\u0026quot;0037c7\u0026quot;:\u0026quot;테마관\u0026quot;,\u0026quot;6e50be\u0026quot;:\u0026quot;더보기\u0026quot;,\u0026quot;a4b69f\u0026quot;:\u0026quot;전체\u0026quot;}\" data-search-uri=\"/np/search\" data-web-domain=\"https://www.coupang.com\" data-apply-app-redirection=\"1\"\u003e\u003c/div\u003e\u003cdiv id=\"wa-header\" class=\"fw-font-apple-gothic  fw-bg-white s600:fw-static \"\u003e\u003cdiv class=\"fw-bg-[#f0f0f0] \" id=\"wa-top-bar\"\u003e\u003cdiv style=\"max-width:1500px\" class=\"fw-m-auto fw-w-full fw-text-[11px]\"\u003e\u003cmenu class=\"fw-relative fw-float-right *:fw-float-right *:fw-h-[33px] *:fw-pr-[12px] *:fw-pt-[10px]\"\u003e\u003cli class=\"fw-hidden s600:fw-block\"\u003e\u003ca href=\"https://wing.coupang.com/tenants/vendor-signup/signup?utm_source=button_pc_coupang_app_category_3\u0026amp;utm_medium=non_paid\u0026amp;utm_id=onsite_ca\u0026amp;utm_content=20240328\"\u003e판매자 가입\u003c/a\u003e\u003c/li\u003e\u003cli class=\"cs-center fw-group fw-relative\"\u003e\u003ca href=\"https://mc.coupang.com/ssr/desktop/contact/faq\" data-log=\"{ id: \u0026#x27;customer_center\u0026#x27;}\"\u003e고객센터\u003c/a\u003e\u003cp class=\"fw-hidden group-hover:fw-block\" style=\"z-index:9999\"\u003e\u003ca href=\"https://mc.coupang.com/ssr/desktop/contact/faq\" data-log=\"{ id:\u0026#x27;customer_center_1\u0026#x27; }\"\u003e자주묻는 질문\u003c/a\u003e\u003ca href=\"https://mc.coupang.com/ssr/desktop/contact/inquiry\" data-log=\"{ id:\u0026#x27;customer_center_3\u0026#x27; }\"\u003e1:1 채팅문의\u003c/a\u003e\u003ca href=\"https://mc.coupang.com/ssr/desktop/contact/voc\" data-log=\"{ id:\u0026#x27;customer_center_2\u0026#x27; }\"\u003e고객의 소리\u003c/a\u003e\u003ca href=\"https://www.coupang.com/returnPolicy.pang\" data-log=\"{ id:\u0026#x27;customer_center_4\u0026#x27; }\"\u003e취소 / 반품 안내\u003c/a\u003e\u003c/p\u003e\u003c/li\u003e\u003cli\u003e\u003ca href=\"https://login.coupang.com/login/memberJoinFrm.pang\" title=\"회원가입\"\u003e회원가입\u003c/a\u003e\u003c/li\u003e\u003cli\u003e\u003ca href=\"https://login.coupang.com/login/login.pang?rtnUrl=https%3A%2F%2Fwww.coupang.com%2Fnp%2Fpost%2Flogin%3Fr%3Dhttp%253A%252F%252Fwww.coupang.com%252Fvp%252Fproducts%252F6304732510%253FvendorItemId%253D83726045018%2526sourceType%253DHOME_RELATED_ADS%2526searchId%253Dfeed-cee516840d704d5986e2ab33448c1457-3.33.55%25253Arelated_ads%2526clickEventId%253D8b540f30-990a-11f0-901d-c592a65a661e\" title=\"로그인\"\u003e로그인\u003c/a\u003e\u003c/li\u003e\u003c/menu\u003e\u003cmenu id=\"subscribeHeader\" class=\"fw-hidden s600:fw-block\"\u003e\u003cli class=\"new-header\"\u003e\u003ca id=\"wa-bookmark\" data-msg=\"Ctrl+D 키를 누르면 즐겨찾기에 추가하실 수 있습니다.\" class=\"bookmark\" data-log=\"{ id: \u0026quot;add_to_favorites\u0026quot; }\"\u003e즐겨찾기\u003c/a\u003e\u003c/li\u003e\u003cli class=\"vendor-join\"\u003e\u003ca class=\"dropdown_menu_flag\"\u003e입점신청\u003ci class=\"ic\"\u003e\u003c/i\u003e\u003c/a\u003e\u003cp class=\"vendor-join-menu fw-hidden\" style=\"z-index:9999\"\u003e\u003ca href=\"https://marketplace.coupangcorp.com/s/?utm_source=button_pc\u0026amp;utm_medium=non_paid\u0026amp;utm_campaign=onsite_ca\u0026amp;utm_id=coupang_app\" data-log=\"{ id:\u0026#x27;seller_page\u0026#x27; }\" target=\"_blank\"\u003e오픈마켓\u003c/a\u003e\u003ca href=\"https://with.coupang.com/contract/initialize\" data-log=\"{ id:\u0026#x27;travel_seller_page\u0026#x27; }\" target=\"_blank\"\u003e여행·티켓\u003c/a\u003e\u003ca href=\"https://supplier.coupang.com/welcome/join\" data-log=\"{ id:\u0026#x27;rocket_seller_page\u0026#x27; }\" target=\"_blank\"\u003e로켓배송\u003c/a\u003e\u003ca href=\"https://partners.coupang.com\" data-log=\"{ id:\u0026#x27;affiliate_marketing_page\u0026#x27; }\" target=\"_blank\"\u003e제휴마케팅\u003c/a\u003e\u003ca href=\"https://sell.coupang.com?utm_source=web_button_pc_rg\u0026amp;utm_medium=referral\u0026amp;utm_campaign=onsite_lead\u0026amp;utm_id=coupang_web?inflow=WEB_HEADER_B\" data-log=\"{ id:\u0026#x27;rocketGrowth\u0026#x27; }\" target=\"_blank\"\u003e로켓그로스\u003c/a\u003e\u003c/p\u003e\u003c/li\u003e\u003c/menu\u003e\u003cdiv class=\"fw-invisible fw-clear-both fw-h-[0px]\"\u003e.\u003c/div\u003e\u003c/div\u003e\u003c/div\u003e\u003cdiv\u003e\u003cselect id=\"wa-category-select\" name=\"component\" class=\"searchCategories search_category_filter fw-hidden\"\u003e\u003coption value=\"\" data-text=\"전체\"\u003e전체\u003c/option\u003e\u003c/select\u003e\u003cdiv style=\"max-width:1500px\" class=\"fw-mx-auto fw-flex fw-w-full fw-items-center fw-pr-[5px] max-s1024:rlux:fw-bg-[#131516]\"\u003e\u003cdiv id=\"wa-category\" class=\"fw-relative fw-flex fw-h-[48px] fw-w-[48px] fw-cursor-pointer fw-flex-col fw-items-center fw-justify-center fw-bg-[#346aff] rlux:fw-bg-[#131516] s1024:fw-h-[119px] s1024:fw-w-[110px]\"\u003e\u003cdiv class=\"fw-flex fw-h-[24px] fw-w-[24px] fw-flex-col fw-items-center fw-justify-around s1024:fw-h-[28px] s1024:fw-w-[28px]\"\u003e\u003cdiv class=\"fw-h-[1px] fw-w-full fw-bg-white s1024:fw-h-[4px]\"\u003e\u003c/div\u003e\u003cdiv class=\"fw-h-[1px] fw-w-full fw-bg-white s1024:fw-h-[4px]\"\u003e\u003c/div\u003e\u003cdiv class=\"fw-h-[1px] fw-w-full fw-bg-white s1024:fw-h-[4px]\"\u003e\u003c/div\u003e\u003c/div\u003e\u003cdiv class=\"fw-mt-[15px] fw-hidden fw-w-[45px] fw-text-center fw-text-[13px] fw-font-normal fw-leading-none fw-text-white s1024:fw-block\"\u003e카테고리\u003c/div\u003e\u003cdiv class=\"category-layer\" id=\"wa-pc-category\" data-icons=\"https://front.coupangcdn.com/front-web-next/_next/static/media/icons.03b3790b.png\" style=\"z-index:9999\"\u003e\u003cdiv class=\"fw-hidden\"\u003e쇼핑\u003c/div\u003e\u003cul class=\"menu shopping-menu-list fd\"\u003e\u003c/ul\u003e\u003cdiv class=\"fw-hidden\"\u003e티켓\u003c/div\u003e\u003cul class=\"menu ticket-menu-list fd\"\u003e\u003c/ul\u003e\u003cdiv class=\"fw-hidden\"\u003e테마관\u003c/div\u003e\u003cul class=\"menu theme-menu-list menu-divider fd fw-hidden\"\u003e\u003c/ul\u003e\u003cul class=\"menu ingress-menu-list fd\"\u003e\u003cli class=\"ingress-point\"\u003e\u003ca href=\"https://wing.coupang.com/tenants/vendor-signup/signup?utm_source=button_pc_coupang_app_category_3\u0026amp;utm_medium=non_paid\u0026amp;utm_id=onsite_ca\u0026amp;utm_content=20240328\" data-el=\"seller_signup\" data-text=\"입점/판매 신청\"\u003e입점/판매 신청\u003c/a\u003e\u003c/li\u003e\u003c/ul\u003e\u003cdiv class=\"loader-wrapper\"\u003e\u003cspan class=\"loader\"\u003e\u003c/span\u003e\u003c/div\u003e\u003c/div\u003e\u003cdiv class=\"fw-absolute fw-left-0 fw-top-[114px] fw-z-10 fw-hidden fw-w-[220px] fw-overflow-auto fw-bg-white fw-shadow-md\" id=\"wa-mobile-category\" style=\"z-index:9999\"\u003e\u003cdiv id=\"wa-mobile-category-language\"\u003e\u003c/div\u003e\u003cdiv id=\"wa-category-list-wrap\"\u003e\u003c/div\u003e\u003cdiv id=\"wa-mobile-category-app-links\"\u003e\u003c/div\u003e\u003cdiv class=\"loader-wrapper\"\u003e\u003cspan class=\"loader\"\u003e\u003c/span\u003e\u003c/div\u003e\u003c/div\u003e\u003c/div\u003e\u003cdiv class=\"fw-flex fw-flex-1 fw-flex-col max-s1024:fw-h-[48px]\"\u003e\u003cdiv class=\"fw-ml-[16px] fw-flex fw-items-center fw-justify-between max-s1024:fw-h-[48px] s1024:fw-ml-[30px] s1024:fw-mt-[20px]\"\u003e\u003ca href=\"https://www.coupang.com\" class=\"fw-mr-[25px] fw-inline-block fw-flex-none\"\u003e\u003cimg loading=\"lazy\" class=\"fw-h-[23px] fw-w-[101px] s1024:fw-h-[36px] s1024:fw-w-[154px]\" src=\"//image7.coupangcdn.com/image/coupang/common/logo_coupang_w350.png\" alt=\"Coupang\"/\u003e\u003c/a\u003e\u003cform id=\"wa-search-form\" class=\"product-search search-form fw-flex fw-flex-1 fw-items-center fw-border-0 fw-hidden s1024:fw-flex fw-border-2 rlux:fw-border-bluegray-1000\" action=\"/np/search\"\u003e\u003cdiv class=\"select--category fw-w-[90px] s500:fw-w-[135px]\"\u003e\u003cspan class=\"select--category--button\"\u003e\u003c/span\u003e\u003ca class=\"select--category__current rlux:fw-text-bluegray-800\" id=\"currentCategoryText\"\u003e전체\u003c/a\u003e\u003c/div\u003e\u003cdiv class=\"header-searchForm fw-relative fw-flex-1\"\u003e\u003cinput type=\"text\" maxLength=\"49\" placeholder=\"찾고 싶은 상품을 검색해보세요!\" class=\"headerSearchKeyword coupang-search fw-h-full fw-w-full fw-bg-white fw-indent-[10px] fw-text-[14px] fw-outline-none rlux:fw-text-bluegray-1000 rlux:placeholder:fw-text-bluegray-800\" title=\"쿠팡 상품 검색\" autoComplete=\"off\" name=\"q\" value=\"\"/\u003e\u003cinput type=\"hidden\" name=\"traceId\"/\u003e\u003cdiv class=\"headerPopupWords popularity-words\" style=\"z-index:9999\"\u003e\u003cdiv class=\"autocomplete_wrap\"\u003e\u003c/div\u003e\u003cdiv class=\"history-btns\"\u003e\u003cspan class=\"delete-all-kwdhistory del-button\"\u003e전체삭제\u003c/span\u003e\u003cspan class=\"history-on-off on\"\u003e최근검색어끄기\u003c/span\u003e\u003c/div\u003e\u003c/div\u003e\u003c/div\u003e\u003ca class=\"speech-mic fw-mr-[12px] fw-hidden fw-flex-none fw-cursor-pointer\"\u003e\u003c/a\u003e\u003cbutton type=\"submit\" class=\"headerSearchBtn fw-mr-[12px] fw-inline-block fw-flex-none\" title=\"검색\"\u003e\u003cimg loading=\"lazy\" alt=\"\" width=\"20\" height=\"21\" src=\"https://front.coupangcdn.com/front-web-next/_next/static/media/search.85cd3dbf.png\"/\u003e\u003c/button\u003e\u003cinput type=\"hidden\" name=\"channel\" value=\"user\"/\u003e\u003c/form\u003e\u003cul class=\"icon-menus fw-flex\"\u003e\u003cli class=\"my-coupang fw-group fw-relative fw-mx-[24px] fw-flex fw-items-center\"\u003e\u003ca id=\"wa-mycoupang-link\" href=\"https://mc.coupang.com/ssr/desktop/order/list\" data-log=\"{ id: \u0026#x27;mycoupang\u0026#x27;}\"\u003e\u003cimg loading=\"lazy\" alt=\"\" class=\"fw-h-[36px] fw-w-[36px] s1024:fw-h-[44px] s1024:fw-w-[44px]\" src=\"https://front.coupangcdn.com/front-web-next/_next/static/media/person.07e45e52.png\"/\u003e\u003cdiv class=\"fw-hidden fw-text-center s1024:fw-block\"\u003e마이쿠팡\u003c/div\u003e\u003c/a\u003e\u003cp class=\"my-coupang-menu fw-top-[29px] fw-hidden group-hover:fw-block s1024:fw-top-[52px]\" style=\"z-index:9999\"\u003e\u003cspan class=\"wrapper\"\u003e\u003ci class=\"arrow\"\u003e\u003c/i\u003e\u003ca href=\"https://mc.coupang.com/ssr/desktop/order/list\" data-log=\"{ id: \u0026#x27;mycoupang_1\u0026#x27;}\"\u003e주문목록\u003c/a\u003e\u003ca href=\"https://mc.coupang.com/ssr/desktop/cancel-return-exchange/list\" data-log=\"{ id: \u0026#x27;mycoupang_2\u0026#x27;}\"\u003e취소/반품\u003c/a\u003e\u003ca href=\"//wish-web.coupang.com/wishInitView.pang\" data-log=\"{ id: \u0026#x27;mycoupang_4\u0026#x27;}\"\u003e찜 리스트\u003c/a\u003e\u003c/span\u003e\u003c/p\u003e\u003c/li\u003e\u003cli class=\"cart w-mr-0 fw-relative fw-flex s1024:fw-mr-[10px]\" id=\"wa-cart-menu\"\u003e\u003ca id=\"wa-cart-link\" href=\"//cart.coupang.com/cartView.pang\" data-log=\"{ id: \u0026#x27;cart\u0026#x27; }\"\u003e\u003cimg loading=\"lazy\" src=\"https://front.coupangcdn.com/front-web-next/_next/static/media/cart.ccef8f9e.png\" class=\"fw-h-[36px] fw-w-[36px] s1024:fw-h-[44px] s1024:fw-w-[44px]\" alt=\"\"/\u003e\u003cem id=\"headerCartCount\" class=\"fw-right-[-4px] fw-top-[-4px]\"\u003e\u003c/em\u003e\u003cdiv class=\"fw-hidden fw-text-center s1024:fw-block\"\u003e장바구니\u003c/div\u003e\u003c/a\u003e\u003cdiv class=\"fw-top-[29px] fw-hidden s1024:fw-top-[52px]\" style=\"z-index:9999\" id=\"wa-cart-preview\"\u003e\u003cspan class=\"wrapper\"\u003e\u003ci class=\"arrow\"\u003e\u003c/i\u003e\u003cdiv id=\"wa-cart-content\"\u003e\u003cdiv class=\"loader-wrapper\"\u003e\u003cspan class=\"loader\"\u003e\u003c/span\u003e\u003c/div\u003e\u003c/div\u003e\u003cdiv id=\"wa-cart-empty\"\u003e\u003cul\u003e\u003cli class=\"empty-cart\"\u003e장바구니에 담긴 상품이 없습니다.\u003c/li\u003e\u003c/ul\u003e\u003c/div\u003e\u003ca href=\"//cart.coupang.com/cartView.pang\" id=\"wa-cart-btn\"\u003e\u003cspan\u003e\u003cspan\u003e장바구니 전체보기\u003c/span\u003e\u003ci class=\"blue-arrow\"\u003e\u003c/i\u003e\u003c/span\u003e\u003c/a\u003e\u003c/span\u003e\u003c/div\u003e\u003c/li\u003e\u003c/ul\u003e\u003c/div\u003e\u003cdiv class=\"fw-mt-[8px] fw-hidden fw-items-center fw-justify-between s1024:fw-flex\"\u003e\u003cdiv id=\"quick-category-pc\" class=\" gnb-menu-container fw-hidden fw-pl-[20px] s600:fw-block\"\u003e\u003ca class=\"gnb-menu-btn gnb-menu-btn-left\" tabindex=\"0\"\u003e\u003cspan\u003e\u003c/span\u003e\u003c/a\u003e\u003cdiv class=\"fw-w-0\"\u003e\u003cul class=\"gnb-menu-scroll\"\u003e\u003cli class=\"gnb-menu-item\"\u003e\u003ca href=\"https://www.coupangplay.com/catalog\" class=\"\" data-log=\"{ id:\u0026#x27;gnb_menu_item_GNB_V2\u0026#x27;, param:{sectionId:\u0026#x27;coupangplay\u0026#x27;} }\" target=\"_blank\"\u003e\u003cimg loading=\"lazy\" class=\"gnb-menu-item__icon\" alt=\"쿠팡플레이\" src=\"https://image7.coupangcdn.com/image/coupang/home/icons/web/kr/coupang-play.png\"/\u003e\u003cspan\u003e쿠팡플레이\u003c/span\u003e\u003c/a\u003e\u003c/li\u003e\u003cli class=\"gnb-menu-item\"\u003e\u003ca href=\"https://www.coupang.com/np/campaigns/82\" class=\"\" data-log=\"{ id:\u0026#x27;gnb_menu_item_GNB_V2\u0026#x27;, param:{sectionId:\u0026#x27;rocketdelivery\u0026#x27;} }\"\u003e\u003cimg loading=\"lazy\" class=\"gnb-menu-item__icon\" alt=\"로켓배송\" src=\"https://image8.coupangcdn.com/image/coupang/home/icons/web/kr/rocket-delivery.png\"/\u003e\u003cspan\u003e로켓배송\u003c/span\u003e\u003c/a\u003e\u003c/li\u003e\u003cli class=\"gnb-menu-item\"\u003e\u003ca href=\"https://www.coupang.com/np/categories/393760\" class=\"\" data-log=\"{ id:\u0026#x27;gnb_menu_item_GNB_V2\u0026#x27;, param:{sectionId:\u0026#x27;rocketfresh\u0026#x27;} }\"\u003e\u003cimg loading=\"lazy\" class=\"gnb-menu-item__icon\" alt=\"로켓프레시\" src=\"https://image7.coupangcdn.com/image/coupang/home/icons/web/kr/rocket-fresh.png\"/\u003e\u003cspan\u003e로켓프레시\u003c/span\u003e\u003c/a\u003e\u003c/li\u003e\u003cli class=\"gnb-menu-item\"\u003e\u003ca href=\"https://pages.coupang.com/p/152978\" class=\"\" data-log=\"{ id:\u0026#x27;gnb_menu_item_GNB_V2\u0026#x27;, param:{sectionId:\u0026#x27;null\u0026#x27;} }\"\u003e\u003cimg loading=\"lazy\" class=\"gnb-menu-item__icon\" alt=\"2025 추석\" src=\"https://image9.coupangcdn.com/image/coupang/home/icons/csk2025/pc-web.png\"/\u003e\u003cspan\u003e2025 추석\u003c/span\u003e\u003ci class=\"in \" data-new-tag-exposure-mills=\"0\"\u003e\u003c/i\u003e\u003c/a\u003e\u003c/li\u003e\u003cli class=\"gnb-menu-item\"\u003e\u003ca href=\"https://www.coupang.com/np/fbi?sourceType=home_section_fbi\" class=\"\" data-log=\"{ id:\u0026#x27;gnb_menu_item_GNB_V2\u0026#x27;, param:{sectionId:\u0026#x27;frequent_buy_item\u0026#x27;} }\"\u003e\u003cimg loading=\"lazy\" class=\"gnb-menu-item__icon\" alt=\"다시 구매\" src=\"https://image10.coupangcdn.com/image/coupang/common/fbi_icon_3x.png\"/\u003e\u003cspan\u003e다시 구매\u003c/span\u003e\u003ci class=\"in in-exposure\" data-new-tag-exposure-mills=\"2592000000\"\u003e\u003c/i\u003e\u003c/a\u003e\u003c/li\u003e\u003cli class=\"gnb-menu-item\"\u003e\u003ca href=\"https://login.coupang.com/corporation/member/landing-page\" class=\"\" data-log=\"{ id:\u0026#x27;gnb_menu_item_GNB_V2\u0026#x27;, param:{sectionId:\u0026#x27;businessmall_landing\u0026#x27;} }\"\u003e\u003cimg loading=\"lazy\" class=\"gnb-menu-item__icon\" alt=\"쿠팡비즈\" src=\"https://image6.coupangcdn.com/image/coupang/home/icons/web/kr/biz.png\"/\u003e\u003cspan\u003e쿠팡비즈\u003c/span\u003e\u003c/a\u003e\u003c/li\u003e\u003cli class=\"gnb-menu-item\"\u003e\u003ca href=\"https://www.coupang.com/np/coupangglobal\" class=\"\" data-log=\"{ id:\u0026#x27;gnb_menu_item_GNB_V2\u0026#x27;, param:{sectionId:\u0026#x27;coupangglobal\u0026#x27;} }\"\u003e\u003cimg loading=\"lazy\" class=\"gnb-menu-item__icon\" alt=\"로켓직구\" src=\"https://image10.coupangcdn.com/image/coupang/home/icons/web/kr/oversea-delivery.png\"/\u003e\u003cspan\u003e로켓직구\u003c/span\u003e\u003c/a\u003e\u003c/li\u003e\u003cli class=\"gnb-menu-item\"\u003e\u003ca href=\"https://pages.coupang.com/p/121237?sourceType=gm_crm_goldbox\u0026amp;subSourceType=gm_crm_gwsrtcut\" class=\"\" data-log=\"{ id:\u0026#x27;gnb_menu_item_GNB_V2\u0026#x27;, param:{sectionId:\u0026#x27;gold_box\u0026#x27;} }\"\u003e\u003cimg loading=\"lazy\" class=\"gnb-menu-item__icon\" alt=\"골드박스\" src=\"https://image8.coupangcdn.com/image/coupang/home/icons/web/kr/gold-box.png\"/\u003e\u003cspan\u003e골드박스\u003c/span\u003e\u003c/a\u003e\u003c/li\u003e\u003cli class=\"gnb-menu-item\"\u003e\u003ca href=\"https://pages.coupang.com/p/136938\" class=\"\" data-log=\"{ id:\u0026#x27;gnb_menu_item_GNB_V2\u0026#x27;, param:{sectionId:\u0026#x27;NEW_ITEM\u0026#x27;} }\"\u003e\u003cimg loading=\"lazy\" class=\"gnb-menu-item__icon\" alt=\"이달의신상\" src=\"https://image8.coupangcdn.com/image/coupang/home/icons/web/kr/new-item-of-month.png\"/\u003e\u003cspan\u003e이달의신상\u003c/span\u003e\u003c/a\u003e\u003c/li\u003e\u003cli class=\"gnb-menu-item\"\u003e\u003ca href=\"https://www.coupang.com/np/omp\" class=\"\" data-log=\"{ id:\u0026#x27;gnb_menu_item_GNB_V2\u0026#x27;, param:{sectionId:\u0026#x27;OMP\u0026#x27;} }\"\u003e\u003cimg loading=\"lazy\" class=\"gnb-menu-item__icon\" alt=\"판매자특가\" src=\"https://image7.coupangcdn.com/image/coupang/home/icons/web/kr/omp.png\"/\u003e\u003cspan\u003e판매자특가\u003c/span\u003e\u003c/a\u003e\u003c/li\u003e\u003cli class=\"gnb-menu-item\"\u003e\u003ca href=\"https://www.coupang.com/np/campaigns/83\" class=\"\" data-log=\"{ id:\u0026#x27;gnb_menu_item_GNB_V2\u0026#x27;, param:{sectionId:\u0026#x27;subscription\u0026#x27;} }\"\u003e\u003cimg loading=\"lazy\" class=\"gnb-menu-item__icon\" alt=\"와우회원할인\" src=\"https://image6.coupangcdn.com/image/coupang/home/icons/web/kr/wow.png\"/\u003e\u003cspan\u003e와우회원할인\u003c/span\u003e\u003c/a\u003e\u003c/li\u003e\u003cli class=\"gnb-menu-item\"\u003e\u003ca href=\"https://www.coupang.com/np/coupangbenefit\" class=\"\" data-log=\"{ id:\u0026#x27;gnb_menu_item_GNB_V2\u0026#x27;, param:{sectionId:\u0026#x27;coupangbenefit\u0026#x27;} }\"\u003e\u003cimg loading=\"lazy\" class=\"gnb-menu-item__icon\" alt=\"이벤트/쿠폰\" src=\"https://image8.coupangcdn.com/image/coupang/home/icons/web/kr/benefit.png\"/\u003e\u003cspan\u003e이벤트/쿠폰\u003c/span\u003e\u003c/a\u003e\u003c/li\u003e\u003cli class=\"gnb-menu-item\"\u003e\u003ca href=\"https://pages.coupang.com/p/54908\" class=\"\" data-log=\"{ id:\u0026#x27;gnb_menu_item_GNB_V2\u0026#x27;, param:{sectionId:\u0026#x27;WAREHOUSE\u0026#x27;} }\"\u003e\u003cimg loading=\"lazy\" class=\"gnb-menu-item__icon\" alt=\"반품마켓\" src=\"https://image7.coupangcdn.com/image/coupang/home/icons/web/kr/returned-market.png\"/\u003e\u003cspan\u003e반품마켓\u003c/span\u003e\u003c/a\u003e\u003c/li\u003e\u003cli class=\"gnb-menu-item\"\u003e\u003ca href=\"https://pages.coupang.com/p/63240\" class=\"\" data-log=\"{ id:\u0026#x27;gnb_menu_item_GNB_V2\u0026#x27;, param:{sectionId:\u0026#x27;GOOD_MARKET\u0026#x27;} }\"\u003e\u003cimg loading=\"lazy\" class=\"gnb-menu-item__icon\" alt=\"착한상점\" src=\"https://image6.coupangcdn.com/image/coupang/home/icons/web/kr/sustainable-market.png\"/\u003e\u003cspan\u003e착한상점\u003c/span\u003e\u003ci class=\"in \" data-new-tag-exposure-mills=\"0\"\u003e\u003c/i\u003e\u003c/a\u003e\u003c/li\u003e\u003cli class=\"gnb-menu-item\"\u003e\u003ca href=\"https://pages.coupang.com/p/bep?sourceType=gm_crm_oms\u0026amp;subSourceType=gm_crm_gwsrtcut\" class=\"\" data-log=\"{ id:\u0026#x27;gnb_menu_item_GNB_V2\u0026#x27;, param:{sectionId:\u0026#x27;exhibition\u0026#x27;} }\"\u003e\u003cimg loading=\"lazy\" class=\"gnb-menu-item__icon\" alt=\"기획전\" src=\"https://image6.coupangcdn.com/image/coupang/home/icons/web/kr/event.png\"/\u003e\u003cspan\u003e기획전\u003c/span\u003e\u003c/a\u003e\u003c/li\u003e\u003cli class=\"gnb-menu-item\"\u003e\u003ca href=\"https://trip.coupang.com/?channel=gnb\" class=\"\" data-log=\"{ id:\u0026#x27;gnb_menu_item_GNB_V2\u0026#x27;, param:{sectionId:\u0026#x27;TRAVEL\u0026#x27;} }\"\u003e\u003cimg loading=\"lazy\" class=\"gnb-menu-item__icon\" alt=\"쿠팡트래블\" src=\"https://image6.coupangcdn.com/image/coupang/home/icons/web/kr/travel.png\"/\u003e\u003cspan\u003e쿠팡트래블\u003c/span\u003e\u003ci class=\"in \" data-new-tag-exposure-mills=\"0\"\u003e\u003c/i\u003e\u003c/a\u003e\u003c/li\u003e\u003cli class=\"gnb-menu-item\"\u003e\u003ca href=\"https://wing.coupang.com/tenants/vendor-signup/signup?utm_source=button_pc_coupang_shortcut_1\u0026amp;utm_medium=non_paid\u0026amp;utm_id=onsite_ca\u0026amp;utm_content=202411\" class=\"\" data-log=\"{ id:\u0026#x27;gnb_menu_item_GNB_V2\u0026#x27;, param:{sectionId:\u0026#x27;SELL_ON_COUPANG\u0026#x27;} }\"\u003e\u003cimg loading=\"lazy\" class=\"gnb-menu-item__icon\" alt=\"입점신청\" src=\"https://image8.coupangcdn.com/image/coupang/home/icons/web/kr/sell-on-coupang.png\"/\u003e\u003cspan\u003e입점신청\u003c/span\u003e\u003c/a\u003e\u003c/li\u003e\u003c/ul\u003e\u003c/div\u003e\u003ca class=\"gnb-menu-btn gnb-menu-btn-right gnb-menu-btn-active\" tabindex=\"0\"\u003e\u003cspan\u003e\u003c/span\u003e\u003c/a\u003e\u003c/div\u003e\u003c/div\u003e\u003c/div\u003e\u003c/div\u003e\u003cdiv class=\"fw-block fw-border-b-[1px] fw-border-t-[1px] fw-border-[#C4CDD5] fw-p-[10px] s1024:fw-hidden\"\u003e\u003cform id=\"wa-search-form-tablet\" class=\"product-search search-form fw-flex fw-flex-1 fw-items-center fw-border-0  fw-border-2 rlux:fw-border-bluegray-1000\" action=\"/np/search\"\u003e\u003cdiv class=\"select--category fw-w-[90px] s500:fw-w-[135px]\"\u003e\u003cspan class=\"select--category--button\"\u003e\u003c/span\u003e\u003ca class=\"select--category__current rlux:fw-text-bluegray-800\" id=\"currentCategoryText\"\u003e전체\u003c/a\u003e\u003c/div\u003e\u003cdiv class=\"header-searchForm fw-relative fw-flex-1\"\u003e\u003cinput type=\"text\" maxLength=\"49\" placeholder=\"찾고 싶은 상품을 검색해보세요!\" class=\"headerSearchKeyword coupang-search fw-h-full fw-w-full fw-bg-white fw-indent-[10px] fw-text-[14px] fw-outline-none rlux:fw-text-bluegray-1000 rlux:placeholder:fw-text-bluegray-800\" title=\"쿠팡 상품 검색\" autoComplete=\"off\" name=\"q\" value=\"\"/\u003e\u003cinput type=\"hidden\" name=\"traceId\"/\u003e\u003cdiv class=\"headerPopupWords popularity-words\" style=\"z-index:9999\"\u003e\u003cdiv class=\"autocomplete_wrap\"\u003e\u003c/div\u003e\u003cdiv class=\"history-btns\"\u003e\u003cspan class=\"delete-all-kwdhistory del-button\"\u003e전체삭제\u003c/span\u003e\u003cspan class=\"history-on-off on\"\u003e최근검색어끄기\u003c/span\u003e\u003c/div\u003e\u003c/div\u003e\u003c/div\u003e\u003ca class=\"speech-mic fw-mr-[12px] fw-hidden fw-flex-none fw-cursor-pointer\"\u003e\u003c/a\u003e\u003cbutton type=\"submit\" class=\"headerSearchBtn fw-mr-[12px] fw-inline-block fw-flex-none\" title=\"검색\"\u003e\u003cimg loading=\"lazy\" alt=\"\" width=\"20\" height=\"21\" src=\"https://front.coupangcdn.com/front-web-next/_next/static/media/search.85cd3dbf.png\"/\u003e\u003c/button\u003e\u003cinput type=\"hidden\" name=\"channel\" value=\"user\"/\u003e\u003c/form\u003e\u003c/div\u003e\u003cdiv class=\"fw-mt-[8px] fw-hidden fw-items-center fw-justify-between s768:fw-flex s1024:fw-hidden\"\u003e\u003cdiv id=\"quick-category-tablet\" class=\" gnb-menu-container fw-hidden fw-pl-[20px] s600:fw-block\"\u003e\u003ca class=\"gnb-menu-btn gnb-menu-btn-left\" tabindex=\"0\"\u003e\u003cspan\u003e\u003c/span\u003e\u003c/a\u003e\u003cdiv class=\"fw-w-0\"\u003e\u003cul class=\"gnb-menu-scroll\"\u003e\u003cli class=\"gnb-menu-item\"\u003e\u003ca href=\"https://www.coupangplay.com/catalog\" class=\"\" data-log=\"{ id:\u0026#x27;gnb_menu_item_GNB_V2\u0026#x27;, param:{sectionId:\u0026#x27;coupangplay\u0026#x27;} }\" target=\"_blank\"\u003e\u003cimg loading=\"lazy\" class=\"gnb-menu-item__icon\" alt=\"쿠팡플레이\" src=\"https://image7.coupangcdn.com/image/coupang/home/icons/web/kr/coupang-play.png\"/\u003e\u003cspan\u003e쿠팡플레이\u003c/span\u003e\u003c/a\u003e\u003c/li\u003e\u003cli class=\"gnb-menu-item\"\u003e\u003ca href=\"https://www.coupang.com/np/campaigns/82\" class=\"\" data-log=\"{ id:\u0026#x27;gnb_menu_item_GNB_V2\u0026#x27;, param:{sectionId:\u0026#x27;rocketdelivery\u0026#x27;} }\"\u003e\u003cimg loading=\"lazy\" class=\"gnb-menu-item__icon\" alt=\"로켓배송\" src=\"https://image8.coupangcdn.com/image/coupang/home/icons/web/kr/rocket-delivery.png\"/\u003e\u003cspan\u003e로켓배송\u003c/span\u003e\u003c/a\u003e\u003c/li\u003e\u003cli class=\"gnb-menu-item\"\u003e\u003ca href=\"https://www.coupang.com/np/categories/393760\" class=\"\" data-log=\"{ id:\u0026#x27;gnb_menu_item_GNB_V2\u0026#x27;, param:{sectionId:\u0026#x27;rocketfresh\u0026#x27;} }\"\u003e\u003cimg loading=\"lazy\" class=\"gnb-menu-item__icon\" alt=\"로켓프레시\" src=\"https://image7.coupangcdn.com/image/coupang/home/icons/web/kr/rocket-fresh.png\"/\u003e\u003cspan\u003e로켓프레시\u003c/span\u003e\u003c/a\u003e\u003c/li\u003e\u003cli class=\"gnb-menu-item\"\u003e\u003ca href=\"https://pages.coupang.com/p/152978\" class=\"\" data-log=\"{ id:\u0026#x27;gnb_menu_item_GNB_V2\u0026#x27;, param:{sectionId:\u0026#x27;null\u0026#x27;} }\"\u003e\u003cimg loading=\"lazy\" class=\"gnb-menu-item__icon\" alt=\"2025 추석\" src=\"https://image9.coupangcdn.com/image/coupang/home/icons/csk2025/pc-web.png\"/\u003e\u003cspan\u003e2025 추석\u003c/span\u003e\u003ci class=\"in \" data-new-tag-exposure-mills=\"0\"\u003e\u003c/i\u003e\u003c/a\u003e\u003c/li\u003e\u003cli class=\"gnb-menu-item\"\u003e\u003ca href=\"https://www.coupang.com/np/fbi?sourceType=home_section_fbi\" class=\"\" data-log=\"{ id:\u0026#x27;gnb_menu_item_GNB_V2\u0026#x27;, param:{sectionId:\u0026#x27;frequent_buy_item\u0026#x27;} }\"\u003e\u003cimg loading=\"lazy\" class=\"gnb-menu-item__icon\" alt=\"다시 구매\" src=\"https://image10.coupangcdn.com/image/coupang/common/fbi_icon_3x.png\"/\u003e\u003cspan\u003e다시 구매\u003c/span\u003e\u003ci class=\"in in-exposure\" data-new-tag-exposure-mills=\"2592000000\"\u003e\u003c/i\u003e\u003c/a\u003e\u003c/li\u003e\u003cli class=\"gnb-menu-item\"\u003e\u003ca href=\"https://login.coupang.com/corporation/member/landing-page\" class=\"\" data-log=\"{ id:\u0026#x27;gnb_menu_item_GNB_V2\u0026#x27;, param:{sectionId:\u0026#x27;businessmall_landing\u0026#x27;} }\"\u003e\u003cimg loading=\"lazy\" class=\"gnb-menu-item__icon\" alt=\"쿠팡비즈\" src=\"https://image6.coupangcdn.com/image/coupang/home/icons/web/kr/biz.png\"/\u003e\u003cspan\u003e쿠팡비즈\u003c/span\u003e\u003c/a\u003e\u003c/li\u003e\u003cli class=\"gnb-menu-item\"\u003e\u003ca href=\"https://www.coupang.com/np/coupangglobal\" class=\"\" data-log=\"{ id:\u0026#x27;gnb_menu_item_GNB_V2\u0026#x27;, param:{sectionId:\u0026#x27;coupangglobal\u0026#x27;} }\"\u003e\u003cimg loading=\"lazy\" class=\"gnb-menu-item__icon\" alt=\"로켓직구\" src=\"https://image10.coupangcdn.com/image/coupang/home/icons/web/kr/oversea-delivery.png\"/\u003e\u003cspan\u003e로켓직구\u003c/span\u003e\u003c/a\u003e\u003c/li\u003e\u003cli class=\"gnb-menu-item\"\u003e\u003ca href=\"https://pages.coupang.com/p/121237?sourceType=gm_crm_goldbox\u0026amp;subSourceType=gm_crm_gwsrtcut\" class=\"\" data-log=\"{ id:\u0026#x27;gnb_menu_item_GNB_V2\u0026#x27;, param:{sectionId:\u0026#x27;gold_box\u0026#x27;} }\"\u003e\u003cimg loading=\"lazy\" class=\"gnb-menu-item__icon\" alt=\"골드박스\" src=\"https://image8.coupangcdn.com/image/coupang/home/icons/web/kr/gold-box.png\"/\u003e\u003cspan\u003e골드박스\u003c/span\u003e\u003c/a\u003e\u003c/li\u003e\u003cli class=\"gnb-menu-item\"\u003e\u003ca href=\"https://pages.coupang.com/p/136938\" class=\"\" data-log=\"{ id:\u0026#x27;gnb_menu_item_GNB_V2\u0026#x27;, param:{sectionId:\u0026#x27;NEW_ITEM\u0026#x27;} }\"\u003e\u003cimg loading=\"lazy\" class=\"gnb-menu-item__icon\" alt=\"이달의신상\" src=\"https://image8.coupangcdn.com/image/coupang/home/icons/web/kr/new-item-of-month.png\"/\u003e\u003cspan\u003e이달의신상\u003c/span\u003e\u003c/a\u003e\u003c/li\u003e\u003cli class=\"gnb-menu-item\"\u003e\u003ca href=\"https://www.coupang.com/np/omp\" class=\"\" data-log=\"{ id:\u0026#x27;gnb_menu_item_GNB_V2\u0026#x27;, param:{sectionId:\u0026#x27;OMP\u0026#x27;} }\"\u003e\u003cimg loading=\"lazy\" class=\"gnb-menu-item__icon\" alt=\"판매자특가\" src=\"https://image7.coupangcdn.com/image/coupang/home/icons/web/kr/omp.png\"/\u003e\u003cspan\u003e판매자특가\u003c/span\u003e\u003c/a\u003e\u003c/li\u003e\u003cli class=\"gnb-menu-item\"\u003e\u003ca href=\"https://www.coupang.com/np/campaigns/83\" class=\"\" data-log=\"{ id:\u0026#x27;gnb_menu_item_GNB_V2\u0026#x27;, param:{sectionId:\u0026#x27;subscription\u0026#x27;} }\"\u003e\u003cimg loading=\"lazy\" class=\"gnb-menu-item__icon\" alt=\"와우회원할인\" src=\"https://image6.coupangcdn.com/image/coupang/home/icons/web/kr/wow.png\"/\u003e\u003cspan\u003e와우회원할인\u003c/span\u003e\u003c/a\u003e\u003c/li\u003e\u003cli class=\"gnb-menu-item\"\u003e\u003ca href=\"https://www.coupang.com/np/coupangbenefit\" class=\"\" data-log=\"{ id:\u0026#x27;gnb_menu_item_GNB_V2\u0026#x27;, param:{sectionId:\u0026#x27;coupangbenefit\u0026#x27;} }\"\u003e\u003cimg loading=\"lazy\" class=\"gnb-menu-item__icon\" alt=\"이벤트/쿠폰\" src=\"https://image8.coupangcdn.com/image/coupang/home/icons/web/kr/benefit.png\"/\u003e\u003cspan\u003e이벤트/쿠폰\u003c/span\u003e\u003c/a\u003e\u003c/li\u003e\u003cli class=\"gnb-menu-item\"\u003e\u003ca href=\"https://pages.coupang.com/p/54908\" class=\"\" data-log=\"{ id:\u0026#x27;gnb_menu_item_GNB_V2\u0026#x27;, param:{sectionId:\u0026#x27;WAREHOUSE\u0026#x27;} }\"\u003e\u003cimg loading=\"lazy\" class=\"gnb-menu-item__icon\" alt=\"반품마켓\" src=\"https://image7.coupangcdn.com/image/coupang/home/icons/web/kr/returned-market.png\"/\u003e\u003cspan\u003e반품마켓\u003c/span\u003e\u003c/a\u003e\u003c/li\u003e\u003cli class=\"gnb-menu-item\"\u003e\u003ca href=\"https://pages.coupang.com/p/63240\" class=\"\" data-log=\"{ id:\u0026#x27;gnb_menu_item_GNB_V2\u0026#x27;, param:{sectionId:\u0026#x27;GOOD_MARKET\u0026#x27;} }\"\u003e\u003cimg loading=\"lazy\" class=\"gnb-menu-item__icon\" alt=\"착한상점\" src=\"https://image6.coupangcdn.com/image/coupang/home/icons/web/kr/sustainable-market.png\"/\u003e\u003cspan\u003e착한상점\u003c/span\u003e\u003ci class=\"in \" data-new-tag-exposure-mills=\"0\"\u003e\u003c/i\u003e\u003c/a\u003e\u003c/li\u003e\u003cli class=\"gnb-menu-item\"\u003e\u003ca href=\"https://pages.coupang.com/p/bep?sourceType=gm_crm_oms\u0026amp;subSourceType=gm_crm_gwsrtcut\" class=\"\" data-log=\"{ id:\u0026#x27;gnb_menu_item_GNB_V2\u0026#x27;, param:{sectionId:\u0026#x27;exhibition\u0026#x27;} }\"\u003e\u003cimg loading=\"lazy\" class=\"gnb-menu-item__icon\" alt=\"기획전\" src=\"https://image6.coupangcdn.com/image/coupang/home/icons/web/kr/event.png\"/\u003e\u003cspan\u003e기획전\u003c/span\u003e\u003c/a\u003e\u003c/li\u003e\u003cli class=\"gnb-menu-item\"\u003e\u003ca href=\"https://trip.coupang.com/?channel=gnb\" class=\"\" data-log=\"{ id:\u0026#x27;gnb_menu_item_GNB_V2\u0026#x27;, param:{sectionId:\u0026#x27;TRAVEL\u0026#x27;} }\"\u003e\u003cimg loading=\"lazy\" class=\"gnb-menu-item__icon\" alt=\"쿠팡트래블\" src=\"https://image6.coupangcdn.com/image/coupang/home/icons/web/kr/travel.png\"/\u003e\u003cspan\u003e쿠팡트래블\u003c/span\u003e\u003ci class=\"in \" data-new-tag-exposure-mills=\"0\"\u003e\u003c/i\u003e\u003c/a\u003e\u003c/li\u003e\u003cli class=\"gnb-menu-item\"\u003e\u003ca href=\"https://wing.coupang.com/tenants/vendor-signup/signup?utm_source=button_pc_coupang_shortcut_1\u0026amp;utm_medium=non_paid\u0026amp;utm_id=onsite_ca\u0026amp;utm_content=202411\" class=\"\" data-log=\"{ id:\u0026#x27;gnb_menu_item_GNB_V2\u0026#x27;, param:{sectionId:\u0026#x27;SELL_ON_COUPANG\u0026#x27;} }\"\u003e\u003cimg loading=\"lazy\" class=\"gnb-menu-item__icon\" alt=\"입점신청\" src=\"https://image8.coupangcdn.com/image/coupang/home/icons/web/kr/sell-on-coupang.png\"/\u003e\u003cspan\u003e입점신청\u003c/span\u003e\u003c/a\u003e\u003c/li\u003e\u003c/ul\u003e\u003c/div\u003e\u003ca class=\"gnb-menu-btn gnb-menu-btn-right gnb-menu-btn-active\" tabindex=\"0\"\u003e\u003cspan\u003e\u003c/span\u003e\u003c/a\u003e\u003c/div\u003e\u003c/div\u003e\u003c/div\u003e\u003c/div\u003e\u003cdiv class=\"fw-relative\"\u003e\u003carticle id=\"wa-sidebar\" style=\"z-index:9900\" class=\"fw-absolute fw-hidden \"\u003e\u003cul class=\"promotion-banner\"\u003e\u003cli\u003e\u003ca href=\"https://www.coupang.com/np/campaigns/1440\"\u003e\u003cimg loading=\"lazy\" src=\"https://image7.coupangcdn.com/image/displayitem/displayitem_8ad9b5e0-fd76-407b-b820-6494f03ffc31.jpg\" width=\"102\" height=\"150\" alt=\"\"/\u003e\u003c/a\u003e\u003c/li\u003e\u003cli\u003e\u003ca href=\"https://pages.coupang.com/p/152271\"\u003e\u003cimg loading=\"lazy\" src=\"https://image10.coupangcdn.com/image/displayitem/displayitem_d8d71db1-0d9a-4e0b-a9ae-b9c760fd5ebc.jpg\" width=\"102\" height=\"150\" alt=\"\"/\u003e\u003c/a\u003e\u003c/li\u003e\u003cli\u003e\u003ca href=\"https://www.coupang.com/np/categories/510691\"\u003e\u003cimg loading=\"lazy\" src=\"https://image8.coupangcdn.com/image/displayitem/displayitem_eea963ab-9659-4fb7-87c4-36be5b82917a.png\" width=\"102\" height=\"150\" alt=\"\"/\u003e\u003c/a\u003e\u003c/li\u003e\u003cli\u003e\u003ca href=\"https://pages.coupang.com/p/68594\"\u003e\u003cimg loading=\"lazy\" src=\"https://image9.coupangcdn.com/image/displayitem/displayitem_ad84783d-4811-49c6-99e8-79a1085b0d8b.png\" width=\"102\" height=\"150\" alt=\"\"/\u003e\u003c/a\u003e\u003c/li\u003e\u003cli\u003e\u003ca href=\"https://wing.coupang.com/tenants/vendor-signup/signup?utm_source=button_pc_coupang_web_rignt_wing\u0026amp;utm_medium=non_paid\u0026amp;utm_id=onsite_ca\u0026amp;utm_content=20240516\"\u003e\u003cimg loading=\"lazy\" src=\"https://image8.coupangcdn.com/image/displayitem/displayitem_92caf13f-61ae-4634-83c5-124d84633848.png\" width=\"102\" height=\"150\" alt=\"\"/\u003e\u003c/a\u003e\u003c/li\u003e\u003c/ul\u003e\u003csection id=\"wa-recent-view\" data-fodium=\"//reco.coupang.com\"\u003e\u003cdiv class=\"side-cart\"\u003e\u003ca href=\"//cart.coupang.com/cartView.pang\" data-log=\"{\u0026quot;logCategory\u0026quot;:\u0026quot;event\u0026quot;, \u0026quot;logType\u0026quot;:\u0026quot;click\u0026quot;, \u0026quot;logLabel\u0026quot;:\u0026quot;cart\u0026quot;,\u0026quot;grp\u0026quot;:\u0026quot;sideBar\u0026quot;}\"\u003e\u003cspan class=\"fw-inline-block fw-text-[11px] fw-leading-[13px]\"\u003e장바구니\u003c/span\u003e\u003cem class=\"cart-count\"\u003e\u003c/em\u003e\u003c/a\u003e\u003c/div\u003e\u003cdiv class=\"recently-viewed-products\"\u003e\u003cspan class=\"fw-inline-block fw-text-[11px] fw-leading-[13px]\"\u003e최근본상품\u003c/span\u003e\u003cem class=\"total-element\"\u003e\u003c/em\u003e\u003c/div\u003e\u003cdiv class=\"recently-viewed-list\"\u003e\u003cul class=\"recently-viewed-page\"\u003e\u003c/ul\u003e\u003cp class=\"recent-viewed-paging\"\u003e\u003cspan class=\"counter\"\u003e\u003cstrong class=\"pageNumber\"\u003e\u003c/strong\u003e/\u003cem class=\"total-pages\"\u003e\u003c/em\u003e\u003c/span\u003e\u003cspan class=\"recentlyViewedBtn\"\u003e\u003ca href=\"이전 페이지 보기\" class=\"move prev\"\u003eprev\u003c/a\u003e\u003ca href=\"다음 페이지 보기\" class=\"move next\"\u003enext\u003c/a\u003e\u003c/span\u003e\u003c/p\u003e\u003c/div\u003e\u003c/section\u003e\u003c/article\u003e\u003c/div\u003e\u003cdiv id=\"wa-goto-top\" style=\"z-index:9950\" class=\"\"\u003e\u003cbutton class=\"goto-top__button\"\u003e\u003ci class=\"goto-top__arrow\"\u003e\u003c/i\u003e\u003c/button\u003e\u003c/div\u003e\u003cdiv id=\"wa-banners\"\u003e\u003c/div\u003e"])</script><script>self.__next_f.push([1,"1f:T1782,"])</script><script>self.__next_f.push([1,"\u003cfooter id=\"wa-footer\"\u003e\u003cdiv class=\"footer-layer1 is-narrowed fw-flex fw-items-center fw-justify-center max-s768:fw-flex-col\" style=\"justify-content:center\"\u003e\u003cdiv class=\"fw-flex fw-flex-wrap\"\u003e\u003ca href=\"https://news.coupang.com/\" target=\"_blank\"\u003e회사소개\u003c/a\u003e\u003ca href=\"https://ir.aboutcoupang.com/overview/default.aspx\" target=\"_blank\"\u003eInvestor Relations\u003c/a\u003e\u003ca href=\"https://rocketyourcareer.kr.coupang.com\" target=\"_blank\"\u003e인재채용\u003c/a\u003e\u003ca href=\"https://marketplace.coupangcorp.com/s/?utm_source=button_pc\u0026amp;utm_medium=non_paid\u0026amp;utm_campaign=onsite_ca\u0026amp;utm_id=coupang_app?inflow=WEB_FOOTER_B\"\u003e입점/제휴문의\u003c/a\u003e\u003ca href=\"https://mc.coupang.com/ssr/desktop/contact/notice\"\u003e 공지사항\u003c/a\u003e\u003ca href=\"https://mc.coupang.com/ssr/desktop/contact/voc\"\u003e 고객의 소리\u003c/a\u003e\u003ca href=\"https://www.coupang.com/np/policies/terms\"\u003e 이용약관\u003c/a\u003e\u003ca href=\"https://privacy.coupang.com/ko/center/coupang\"\u003e \u003cstrong\u003e개인정보 처리방침\u003c/strong\u003e\u003c/a\u003e\u003ca href=\"https://privacy.coupang.com/ko/security/status\"\u003e정보보호/개인정보보호 인증\u003c/a\u003e\u003ca href=\"https://rocketpay.coupang.com/rocketpay/operationTerms/coupangPcFooter\"\u003e쿠팡페이 이용약관\u003c/a\u003e\u003ca href=\"https://www.coupang.com/np/safety\"\u003e 신뢰관리센터\u003c/a\u003e\u003ca href=\"https://partners.coupang.com/\" target=\"_blank\"\u003e제휴마케팅\u003c/a\u003e\u003ca href=\"https://ads.coupang.com\" target=\"_blank\"\u003e광고안내\u003c/a\u003e\u003c/div\u003e\u003cdiv class=\"fw-inline-block max-s768:fw-mx-[16px] max-s768:fw-mt-[15px] max-s768:fw-block max-s768:fw-w-full\"\u003e\u003cdiv id=\"site-picker\" class=\"site-picker fw-w-[180px] max-s768:fw-w-auto\"\u003e\u003cspan id=\"site-picker-select\" class=\"site-picker-label fw-w-full\"\u003e\u003cp\u003eGlobal Site\u003c/p\u003e \u003cspan class=\"site-picker__arrow\"\u003e\u003c/span\u003e\u003c/span\u003e\u003cul style=\"z-index:9999\"\u003e\u003cli\u003e\u003ca href=\"https://www.tw.coupang.com\"\u003eCoupang Taiwan 酷澎台灣\u003c/a\u003e\u003c/li\u003e\u003c/ul\u003e\u003c/div\u003e\u003c/div\u003e\u003c/div\u003e\u003cdiv class=\"footer-layer2 fw-flex fw-max-w-[768px] fw-justify-between fw-p-[16px] max-s768:fw-flex-col max-s768:fw-gap-[32px] max-s768:fw-px-[15px]\"\u003e\u003caddress class=\"fw-flex fw-gap-[24px] max-s768:fw-flex-col\"\u003e\u003ca class=\"logo fw-opacity-50\" href=\"https://www.coupang.com/\" title=\"COUPANG\"\u003e\u003cimg src=\"https://front.coupangcdn.com/front-web-next/_next/static/media/logo.f2c4ccb2.png\" alt=\"\" loading=\"lazy\"/\u003e\u003c/a\u003e\u003cdiv\u003e상호명 및 호스팅 서비스 제공 : 쿠팡(주)                \u003cbr/\u003e 대표이사 : 박대준                \u003cbr/\u003e 서울시 송파구 송파대로 570 \u003cbr/\u003e 사업자 등록번호 : 120-88-00767 \u003cbr/\u003e                통신판매업신고 : 2017-서울송파-0680                \u003cbr/\u003e\u003ca href=\"http://www.ftc.go.kr/info/bizinfo/communicationViewPopup.jsp?wrkr_no=1208800767\" target=\"_blank\" class=\"licensee\"\u003e사업자정보 확인 \u0026gt;\u003c/a\u003e\u003c/div\u003e\u003c/address\u003e\u003cdiv class=\"contact-info\"\u003e\u003ca href=\"https://mc.coupang.com/ssr/desktop/contact/inquiry\" class=\"call-center\"\u003e \u003cstrong\u003e365고객센터\u003c/strong\u003e | 전자금융거래분쟁처리담당              \u003cbr/\u003e \u003cem\u003e1577-7011 (유료)\u003c/em\u003e 서울시 송파구 송파대로 570              \u003cbr/\u003e              \u003cspan class=\"contact-fax\"\u003eemail : help@coupang.com\u003c/span\u003e\u003c/a\u003e\u003c/div\u003e\u003cp class=\"safe-service\"\u003e\u003cstrong\u003e채무지급보증 안내\u003c/strong\u003e            \u003cbr/\u003e            \u003cspan\u003e              당사는 고객님이 현금 결제한 금액에 대해              \u003cbr/\u003e 채무지급보증 계약을 체결하여              \u003cbr/\u003e 안전거래를 보장하고 있습니다.              \u003cbr/\u003e            \u003c/span\u003e\u003ca href=\"https://www.coupang.com/np/etc/popWooriService\" target=\"_blank\" class=\"service-check fw-cursor-pointer\"\u003e서비스 가입사실 확인 \u0026gt;\u003c/a\u003e\u003c/p\u003e\u003c/div\u003e\u003cdiv class=\"fw-mx-auto fw-mb-[20px] fw-mt-[15px] fw-hidden fw-border-b-[1px] fw-border-b-[#ddd] s768:fw-block s1500:fw-max-w-[1300px]\"\u003e\u003c/div\u003e\u003cdiv class=\"fw-mx-auto fw-mb-[16px] fw-max-w-[1300px] fw-flex-wrap fw-items-center fw-justify-start fw-gap-[8px] fw-px-[14px] fw-text-[11px] fw-text-[#768695] fw-flex s768:fw-justify-center\"\u003e\u003cdiv\u003e\u003cimg alt=\"\" loading=\"lazy\" src=\"https://front.coupangcdn.com/front-web-next/_next/static/media/5.73affd35.png\" width=\"89\" height=\"36\"/\u003e\u003c/div\u003e\u003cdiv\u003e\u003cimg alt=\"\" loading=\"lazy\" src=\"https://front.coupangcdn.com/front-web-next/_next/static/media/6.901d77a5.png\" width=\"55\" height=\"36\"/\u003e\u003c/div\u003e\u003c/div\u003e\u003cdiv class=\"footer-layer4\"\u003e\u003cdiv class=\"coupang-copyright fw-mx-auto fw-flex fw-max-w-[968px] fw-items-center fw-justify-between fw-gap-[20px] max-s768:fw-flex-col max-s768:fw-items-start max-s768:fw-gap-[10px]\"\u003e\u003cp class=\"info\"\u003e사이버몰 내 판매되는 상품 중에는 쿠팡에 등록한 개별 판매자가 판매하는                마켓플레이스(오픈마켓) 상품이 포함되어 있습니다. \u003cbr/\u003e                마켓플레이스(오픈마켓) 상품의 경우 쿠팡은 통신판매중개자이며 통신판매의 당사자가                아닙니다. \u003cbr/\u003e 쿠팡은 마켓플레이스(오픈마켓) 상품, 거래정보 및 거래 등에 대하여                책임을 지지 않습니다. \u003cbr/\u003e                쿠팡은 소비자 보호와 안전거래를 위해 신뢰관리센터(CM112@coupang.com)를 운영하고                있으며, 관련 분쟁이 발생할 경우 별도의 분쟁 처리절차에 의거 분쟁이 처리됩니다.                \u003cbr/\u003e Copyright © Coupang Corp. 2010-2025 All Rights Reserved.\u003c/p\u003e\u003cul class=\"sns-link fw-flex\"\u003e\u003cli\u003e\u003ca href=\"https://www.facebook.com/Coupang.korea\" target=\"_blank\" class=\"facebook\"\u003e\u003cimg loading=\"lazy\" src=\"https://front.coupangcdn.com/front-web-next/_next/static/media/f.34bde318.png\" alt=\"\" width=\"30\" height=\"30\"/\u003e\u003c/a\u003e\u003c/li\u003e\u003cli\u003e\u003ca href=\"https://news.coupang.com/\" target=\"_blank\" class=\"blog\"\u003e\u003cimg loading=\"lazy\" src=\"https://front.coupangcdn.com/front-web-next/_next/static/media/b.637cda1c.png\" class=\"fw-rounded-full\" alt=\"\" width=\"30\" height=\"30\"/\u003e\u003c/a\u003e\u003c/li\u003e\u003cli\u003e\u003ca href=\"https://www.instagram.com/coupang\" target=\"_blank\" class=\"instagram\"\u003e\u003cimg src=\"https://front.coupangcdn.com/front-web-next/_next/static/media/s.a7aca4ea.png\" alt=\"\" loading=\"lazy\" class=\"fw-rounded-full fw-bg-white\" width=\"30\" height=\"30\"/\u003e\u003c/a\u003e\u003c/li\u003e\u003c/ul\u003e\u003c/div\u003e\u003c/div\u003e\u003c/footer\u003e"])</script><script>self.__next_f.push([1,"17:[\"$\",\"html\",null,{\"lang\":\"ko-KR\",\"children\":[[\"$\",\"head\",null,{\"children\":[[[\"$\",\"meta\",null,{\"name\":\"viewport\",\"content\":\"width=device-width, initial-scale=1.0, maximum-scale=1.0, user-scalable=0\"}],[\"$\",\"meta\",null,{\"name\":\"format-detection\",\"content\":\"telephone=no, date=no, email=no, address=no\"}],[\"$\",\"link\",null,{\"rel\":\"shortcut icon\",\"href\":\"https://image7.coupangcdn.com/image/coupang/favicon/favicon.ico\",\"type\":\"image/x-icon\"}],[\"$\",\"link\",null,{\"rel\":\"apple-touch-icon\",\"href\":\"https://image10.coupangcdn.com/image/mobile/v3/web_favicon.png\"}],[\"$\",\"meta\",null,{\"httpEquiv\":\"x-dns-prefetch-control\",\"content\":\"on\"}],[\"$\",\"link\",null,{\"rel\":\"dns-prefetch\",\"href\":\"//assets.coupang.com\"}],[\"$\",\"link\",null,{\"rel\":\"dns-prefetch\",\"href\":\"//assets2.coupang.com\"}],[\"$\",\"link\",null,{\"rel\":\"dns-prefetch\",\"href\":\"//assets.coupangcdn.com\"}],[\"$\",\"link\",null,{\"rel\":\"dns-prefetch\",\"href\":\"//asset1.coupangcdn.com\"}],[\"$\",\"link\",null,{\"rel\":\"dns-prefetch\",\"href\":\"//private.coupang.com\"}],[\"$\",\"link\",null,{\"rel\":\"dns-prefetch\",\"href\":\"//img1a.coupangcdn.com\"}],[\"$\",\"link\",null,{\"rel\":\"dns-prefetch\",\"href\":\"//image1.coupangcdn.com\"}],[\"$\",\"link\",null,{\"rel\":\"dns-prefetch\",\"href\":\"//thumbnail1.coupangcdn.com\"}],[\"$\",\"link\",null,{\"rel\":\"dns-prefetch\",\"href\":\"//static.coupangcdn.com\"}],[\"$\",\"link\",null,{\"rel\":\"dns-prefetch\",\"href\":\"//www.facebook.com\"}],[\"$\",\"link\",null,{\"rel\":\"dns-prefetch\",\"href\":\"//www.google.com\"}],[\"$\",\"link\",null,{\"rel\":\"dns-prefetch\",\"href\":\"//www.google.co.kr\"}],[\"$\",\"link\",null,{\"rel\":\"dns-prefetch\",\"href\":\"//stats.g.doubleclick.net\"}],[\"$\",\"link\",null,{\"rel\":\"dns-prefetch\",\"href\":\"//connect.facebook.net\"}]],\"$undefined\",[[\"$\",\"link\",\"0\",{\"href\":\"https://front.coupangcdn.com/front-web-next/_next/static/web-adapter/style-CS9aiCdA.css\",\"rel\":\"stylesheet\"}]]]}],[\"$\",\"body\",null,{\"className\":\"fw-font-apple-gothic\",\"style\":\"$undefined\",\"data-domain\":\"SDP\",\"data-product-id\":\"6304732510\",\"children\":[\"$undefined\",[\"$\",\"div\",null,{\"dangerouslySetInnerHTML\":{\"__html\":\"$1c\"}}],[[\"$\",\"script\",null,{\"children\":\"\\n          \\n          window['__weblog_args__']={\\\"pageName\\\":\\\"sdp\\\",\\\"domain\\\":\\\"sdp\\\"};\\n          window['__jslog_args__']={\\\"applicationId\\\":\\\"sdp_next\\\",\\\"domain\\\":\\\"sdp_next\\\",\\\"pageName\\\":\\\"sdp\\\",\\\"instanceId\\\":\\\"primary-green-557c6f74ff-g7d7b\\\"};\\n          \"}],[\"$\",\"style\",null,{\"children\":\"\\n            body {\\n              --adjust-font-size: 0px;\\n            }\\n          \"}],[\"$\",\"$L1d\",null,{\"payload\":{\"homeUrl\":\"//www.coupang.com\",\"brandshopUrl\":\"//www.coupang.com/np/products/brand-shop?brandName=\",\"coupangSearchUrl\":\"//www.coupang.com/np/search?channel=user\u0026eventCategory=GNB\u0026eventLabel=search\u0026q=\",\"createCheckoutUrl\":\"/www.coupang.com/createCheckout.pang\",\"cartHost\":\"cart.coupang.com\",\"checkoutHost\":\"checkout.coupang.com\",\"loginHost\":\"login.coupang.com\",\"loyaltySignupUrl\":\"//loyalty.coupang.com/loyalty/sign-up/intro\",\"loyaltySignupMobileUrl\":\"//loyalty.coupang.com/m/loyalty/sign-up/intro\",\"seoHomeUrl\":\"https://www.coupang.com\",\"seoLocale\":\"ko_KR\",\"reviewWritableUrl\":\"https://my.coupang.com/productreview/reviewable\",\"contactInquiryLink\":\"https://mc.coupang.com/ssr/desktop/contact/inquiry\",\"contactVocLink\":\"https://mc.coupang.com/ssr/desktop/contact/voc\",\"productReportLink\":\"https://www.coupang.com/np/productreport/receipt\",\"recoWidgetLink\":\"https://reco.coupang.com/recommend/widget\",\"certificationUrl\":\"http://www.fcsc.kr/B/fu_b_06.jsp\",\"notAllowReviewOperationMarket\":[],\"adjustFontSize\":0,\"sdpPath\":\"/vp/products\",\"unknowImage\":\"//img1a.coupangcdn.com/image/dragonstone/sdp/invalid_unknown_default_170217.png\",\"throttlingImage\":\"//img1a.coupangcdn.com/image/dragonstone/sdp/invalid_unknown_promotion_throttling.png\"},\"messages\":{\"name\":\"kr\",\"region_locale\":\"kr_ko-KR\",\"currency\":\"{val,number, ::.00}원\",\"currency.string\":\"{val}원\",\"currency.string.with.tag\":\"\u003cspan\u003e{val}\u003c/span\u003e원\",\"currency.string.strong\":\"{val}\u003cstrong\u003e원\u003c/strong\u003e\",\"currency.string.instant.option\":\"{val}원\",\"trans\":\"kr \u003citalic\u003ebeautiful\u003c/italic\u003e \u003cbold\u003e{what}\u003c/bold\u003e\",\"coupang.home\":\"쿠팡 홈\",\"coupang.web.1aacb5\":\"확인\",\"coupang.web.sdp.modal.ce.title\":\"해외배송 상품의 구매 가능 수량을 초과했습니다\",\"coupang.web.sdp.modal.ce.content1\":\"관세법에 따라 1인당 구매 가능 수량이 제한된 품목입니다. 수량을 변경해주세요.\",\"coupang.web.sdp.modal.ce.content2\":\"- 가전/디지털: 모델 당 1일 최대 1개 \u003cbr /\u003e(수량 제한은 타사에서 해외배송으로 구매한 상품을 합산하여 적용함)\",\"coupang.web.a4796a\":\"죄송합니다. 등록에 실패하셨습니다. 다시 시도해 주세요.\",\"coupang.web.iphone.preorder.oos.popup.title\":\"상품이 일시 품절되었습니다\",\"coupang.web.iphone.preorder.oos.popup.content\":\"구매하시려는 상품의 재고가 소진되었습니다. 구매 가능한 \u003cbr /\u003e옵션 확인 후 다시 주문해주세요.\",\"coupang.web.iphone.preorder.oos.popup.button\":\"다른 옵션 보기\",\"coupang.web.f308e6\":\"C.에비뉴 badge\",\"coupang.web.e9b8f8\":\"쿠팡이 엄선한 브랜드 편집샵 상품\u003cbr /\u003e✓품질인증  ✓무료배송  ✓무료반품\",\"coupang.web.sdp.coupick.badge.popup.title\":\"쿠팡 추천\",\"coupang.web.sdp.coupick.badge.popup.section1.content\":\"쿠팡은 고객 선호도, 구매 관련 이력, 상품 특성 등을 종합적으로 고려해 고객이 선호할 가능성이 높은 상품을 추천합니다.\",\"coupang.web.sdp.coupick.badge.popup.section2.title\":\"고객 선호도\",\"coupang.web.sdp.coupick.badge.popup.section2.content\":\"상품에 대한 고객 평가 등\",\"coupang.web.sdp.coupick.badge.popup.section3.title\":\"구매 관련 이력\",\"coupang.web.sdp.coupick.badge.popup.section3.content\":\"상품과 관련된 고객의 구매 활동 등\",\"coupang.web.sdp.coupick.badge.popup.section4.title\":\"상품 특성\",\"coupang.web.sdp.coupick.badge.popup.section4.content\":\"새 상품 여부, 재고 유무 등\",\"coupang.web.sdp.popup.prices.wow.illustrate\":\"*할인율은 배송비를 제외한 상품 가격을 기준으로 적용됩니다.\",\"coupang.web.sdp.coupick.badge.popup.section5.content\":\"이 밖에 '쿠팡추천'에는 고객의 편의 및 만족도 향상을 위한 추가적인 요소가 수시로 반영될 수 있습니다.\",\"coupang.web.sdp.atf.option_table.popup.title\":\"옵션 선택\",\"coupang.web.sdp.atf.option_table.popup.option.restock.done\":\"알림신청 완료\",\"coupang.web.sdp.atf.option_table.popup.option.restock\":\"재입고 알림신청\",\"coupang.web.sdp.atf.option_table.tabs.chip.expand\":\"더보기\",\"coupang.web.sdp.atf.option_table.tabs.chip.collapse\":\"접기\",\"coupang.web.sdp.delivery.fee.price.prefix\":\"배송비\",\"coupang.web.sdp.delivery.fee.free\":\"무료배송\",\"coupang.web.cbb288\":\"쿠팡 홈\",\"coupang.web.sdp.freebie.section.header1\":\"사은품\",\"coupang.web.sdp.freebie.section.header2\":\"혜택\",\"coupang.web.sdp.freebie.section.promotionLink\":\"자세히보기\",\"coupang.web.sdp.freebie.popup.header\":\"사은품 혜택\",\"coupang.web.sdp.freebie.popup.title1\":\"이상 구매 시\",\"coupang.web.sdp.freebie.popup.title2\":\"증정\",\"coupang.web.sdp.freebie.popup.desc.daterange\":\"행사 기간: {startMonth}월 {startDay}일~{endMonth}월 {endDay}일\",\"coupang.web.sdp.freebie.popup.desc1.qty\":\"상품 1개당 사은품 1회 증정\",\"coupang.web.sdp.freebie.popup.desc1.cart\":\"계정당 1일 1회 증정 (24시간 내 중복 증정 불가)\",\"coupang.web.sdp.freebie.popup.desc2\":\"재고 소진 시 마감될 수 있습니다.\",\"coupang.web.sdp.freebie.popup.desc3\":\"사은품 구성은 예고 없이 변경될 수 있습니다.\",\"coupang.web.sdp.freebie.popup.desc4\":\"반품 시 사은품을 함께 반납해야 환불 처리됩니다.\",\"coupang.web.sdp.freebie.popup.desc5\":\"자세한 내용은 이벤트 페이지를 참고해주세요.\",\"coupang.web.sdp.freebie.header\":\"사은품 혜택\",\"coupang.web.sdp.freebie.header.multiple\":\"사은품 {count}종 혜택\",\"coupang.web.sdp.freebie.header.multiplePromotions\":\"사은품 증정 행사\",\"coupang.web.sdp.freebie.seeMore\":\"자세히\",\"coupang.web.sdp.freebie.popup.threshold\":\"\u003cstrong\u003e{threshold}\u003c/strong\u003e 이상 구매 시\",\"coupang.web.sdp.freebie.promotions.hint\":\"*각 사은품 혜택은 중복 적용이 가능함\",\"coupang.web.sdp.freebie.popup.promotion.hint\":\"각 사은품 혜택은 중복 적용이 가능합니다.\",\"coupang.web.sdp.freebie.popup.promotionLink\":\"행사 상품 보기\",\"coupang.web.sdp.freebie.popup.promotion.product\":\"제품\",\"coupang.web.sdp.freebie.popup.promotion.period\":\"기간\",\"coupang.web.sdp.freebie.popup.promotion.condition\":\"조건\",\"coupang.web.03e87e\":\"개 상품평\",\"prod.fav.tips.text\":\"마이쿠팡 \u003e 찜 리스트에 저장했습니다\",\"coupang.web.6f8b20\":\"twitter 공유하기\",\"coupang.web.9b1901\":\"mail 보내기\",\"sdp.atf.brandOptionItem.almostSoldOutText\":\"품절임박 ({inventory}개 남음)\",\"coupang.web.b0f9e3\":\"일시품절\",\"coupang.web.b3c3a4\":\"마감\",\"coupang.web.8b407f\":\"품절\",\"coupang.web.9374b1\":\"정기배송\",\"coupang.web.45e3be\":\"사전예약 종료\",\"sdp.front.ui.2f8fa6\":\"상세이미지\",\"coupang.web.brand.name\":\"브랜드\",\"coupang.web.61ad47\":\"선택하신 {param1} 은(는) 없습니다\",\"coupang.web.b4e75f\":\"선택하신 {param1} 에는 없는 {param2}입니다\",\"coupang.web.0ba038\":\"쿠폰받기\",\"coupang.web.cec30c\":\"카드 혜택\",\"coupang.web.1e8c10\":\"닫기\",\"coupang.web.8f3a06\":\"와우전용\",\"coupang.web.9caeb3\":\"상세보기\",\"coupang.web.sdp.ccid.price.detail.list.title\":\"카드할인\",\"coupang.web.sdp.ccid.price.detail.button\":\"자세히보기\",\"coupang.web.sdp.preorder.title\":\"사전예약 상품\",\"coupang.web.9c512b\":\"사전예약 상품은 예약 구매 후 도착\",\"coupang.web.89404f\":\"예정일에 수령하는 상품입니다.\",\"coupang.web.b75743\":\"+2일 안내\",\"coupang.web.9b287f\":\"품절임박 ({inventory}개 남음)\",\"coupang.web.sdp.delivery.fee.included\":\"배송비 포함됨\",\"coupang.web.1a80d4\":\"무료배송\",\"coupang.web.cf89d8\":\"로켓설치 서비스 안내\",\"coupang.web.490680\":\"로켓와우 멤버십\",\"coupang.web.sdp.atf.price.delivery_fee_popup.title\":\"배송비 안내\",\"coupang.web.post.coupon.recieve\":\"받기\",\"pc.frontend.wowbenefit.message.prefix\":\"고객님은\",\"pc.frontend.wowbenefit.message.suffix\":\"으로\",\"pc.frontend.delivery.fresh\":\"로켓프레시 구매가능\",\"pc.frontend.delivery.free\":\"무조건 무료배송\",\"pc.frontend.delivery.free.limited\":\"무조건 무료배송 (기간한정)\",\"pc.frontend.delivery.freereturn\":\"무료반품\",\"pc.frontend.delivery.sameday\":\"오늘도착\",\"pc.frontend.delivery.dawn\":\"새벽도착\",\"pc.backend.interfaces.delivery_method_sequencial\":\"순차배송\",\"pc.backend.interfaces.delivery.method.vendor.direct\":\"업체직송\",\"pc.backend.interfaces.delivery.method.instructure\":\"설치배송\",\"pc.backend.interfaces.delivery.method.make.order.direct\":\"주문제작(업체직송)\",\"pc.backend.product.review.disclaimer\":\"동일한 상품에 대해 작성된 상품평으로, 판매자는 다를 수 있습니다.\",\"coupang.web.b38764\":\"와우회원\",\"coupang.web.sdp.get.coupon\":\"다운받기\",\"coupang.web.sdp.get.coupon.done\":\"다운완료\",\"coupang.web.sdp.instant.option.title\":\"다른 구성 보기\",\"coupang.web.sdp.instant.option.purchasable\":\"구매 가능한 구성으로 변경됨\",\"coupang.web.sdp.instant.option.noneligible\":\"가능한 조합보기\",\"coupang.web.sdp.instant.option.soldout\":\"일시품절\",\"coupang.web.sdp.instant.option.soldout.3p\":\"품절\",\"coupang.web.5ad668\":\"자세히 알아보기\",\"coupang.web.e1b002\":\"최저\",\"coupang.web.sdp.delivery.fee.popup.price\":\"상품 가격\",\"coupang.web.sdp.delivery.fee.popup.shippingFee\":\"배송비\",\"coupang.web.sdp.delivery.fee.popup.finalPrice\":\"배송비 포함가\",\"coupang.web.sdp.delivery.fee.popup.conditional\":\"조건부 무료배송\",\"coupang.web.02ae35\":\"장바구니 담기\",\"coupang.web.baa51a\":\"바로구매\",\"coupang.web.95296f\":\"재입고 알림신청\",\"coupang.web.687dc8\":\"재입고 알림신청 완료\",\"coupang.web.a1a45b\":\"재입고 시 회원님의 이메일로 알림이 발송됩니다.\",\"coupang.web.df08f3\":\"정기배송 장바구니 담기\",\"coupang.web.iphone.preorder.purchase.button.label.oos\":\"일시 품절\",\"coupang.web.iphone.preorder.purchase.button.label.normal\":\"바로 예약구매\",\"coupang.web.post.coupon.btn.wow\":\"로켓와우 무료 체험하기\",\"coupang.web.post.coupon.btn.withdraw\":\"와우 멤버십으로 할인받기\",\"pc.backend.interfaces.issue.report.default.uihtmltext\":\"상세페이지의 어느 부분인가요?\",\"pc.backend.interfaces.issue.report.brand.uihtmltext\":\"브랜드\",\"pc.backend.interfaces.issue.report.image.uihtmltext\":\"대표이미지 \u003cem\u003e(상단 상품이미지)\u003c/em\u003e\",\"pc.backend.interfaces.issue.report.title.uihtmltext\":\"상품명\",\"pc.backend.interfaces.issue.report.category.uihtmltext\":\"카테고리 \u003cem\u003e(식품/뷰티/주방용품 등)\u003c/em\u003e\",\"pc.backend.interfaces.issue.report.attribute.uihtmltext\":\"구매옵션 \u003cem\u003e(용량/수량/사이즈/색상 등)\u003c/em\u003e\",\"pc.backend.interfaces.issue.report.content.detail.uihtmltext\":\"상품상세 \u003cem\u003e(하단 상품의 특장점을 소개하는 글과 이미지)\u003c/em\u003e\",\"pc.backend.interfaces.issue.report.etc.uihtmltext\":\"기타\",\"coupang.web.ce14f5\":\"쿠팡안심케어가 적용된 상품은 한 번에 1개까지 구매할 수 있습니다.\",\"coupang.web.sdp.handyman.guarantee\":\"쿠팡 무상 A/S 상품\",\"coupang.web.sdp.handyman.warranty1\":\"이 상품은 {warranty}개월 무상수리를 지원합니다.\",\"coupang.web.sdp.handyman.popup.title\":\"쿠팡 무상 A/S 보증 상품 안내\",\"coupang.web.sdp.handyman.popup.txt1\":\"본 상품은 품질보증기한 내 무상 A/S가 제공됩니다. (단, 고객 과실이나 점검 내용 등에 따라 별도의 수리비 또는 부품비, 출장비 등이 발생될 수 있습니다.)\",\"coupang.web.sdp.handyman.popup.txt2\":\"쿠팡 무상 A/S 상품은 쿠팡앱을 통한 A/S 접수가 가능합니다.\",\"coupang.web.sdp.handyman.jikgu1p.guarantee\":\"로켓직구 무상보증 상품\",\"coupang.web.sdp.handyman.jikgu1p.popup.title\":\"쿠팡 로켓직구 무상보증 상품 안내\",\"coupang.web.sdp.handyman.jikgu1p.popup.txt1\":\"본 상품은 구매일로부터 1년 내 제품에 이상이 있을 경우, 무상 점검 및 교환 서비스를 지원합니다. (단, 고객과실이나 점검 내용 등에 따라 무상보증 혜택을 받지 못 할 수 있습니다.)\",\"coupang.web.sdp.handyman.jikgu1p.popup.txt2\":\"로켓직구 무상보증 접수는 전화 문의를 통해 가능합니다 (전담 CS팀: 1577-2420)\",\"coupang.web.sdp.handyman.jikgu1p.warranty1\":\"이 상품은 구매일로부터 1년 동안 로켓직구 무상보증 서비스를 지원합니다.\",\"coupang.web.sdp.2line\":\"쿠폰할인\",\"coupang.web.rlux.sdp.benefitTable.finalPrice\":\"최종 구매 금액\",\"coupang.web.fdb83d\":\"쿠폰할인가\",\"coupang.web.sdp.cashRewordTitle\":\"와우회원 추가 혜택\",\"coupang.web.sdp.cashRewordcontent1\":\"쿠팡판매가의\",\"coupang.web.sdp.cashRewordcontent2\":\"를 적립해 드립니다.\",\"coupang.web.sdp.cashRewordcontent3\":\"추가 혜택으로 적립되는 쿠팡캐시는 무상으로 제공됩니다.\",\"coupang.web.sdp.cashRewordcontent4\":\"적립 혜택은 배송 완료 7일 후 반영되며 구매를 취소할 경우 적립금은 회수됩니다.\",\"coupang.web.sdp.cashRewordcontent5\":\"유효 기간은 적립일로부터 6개월이며 현금영수증 발급이 불가합니다.\",\"coupang.web.sdp.cashRewordcontent6\":\"추가 쿠팡캐시 적립은 특정 기간 동안만 적용될 수 있으며 기간 종료, 예산 소진 등 별도 고지 없이 종료되거나 변경될 수 있습니다.\",\"coupang.web.sdp.cashRewordcontent7.rlux\":\"R.LUX 캐시 적립 상품 구매 시 쿠팡판매가의 {val}%를 적립해 드립니다.\",\"coupang.web.sdp.cashRewordcontent7.rlux.v2\":\"와우 멤버십 회원은 R.LUX 뷰티 상품 구매 시 R.LUX판매가의 {val}%를 쿠팡캐시로 적립해 드립니다.\",\"coupang.web.sdp.cashRewordcontent7\":\"로켓럭셔리 캐시 적립 상품 구매 시 쿠팡판매가의 {val}%를 적립해 드립니다.\",\"coupang.web.sdp.cashRewordcontent8\":\"적립 한도: 구매일 기준 일 최대 15만원\",\"coupang.web.sdp.cashRewordcontent9\":\"유의사항\",\"coupang.web.sdp.cashRewordcontent10.rlux\":\"R.LUX 상품 구매로 적립되는 쿠팡캐시는 무상으로 제공됩니다. 유효 기간은 적립일로부터 6개월이며, 현금영수증 발급이 불가합니다.\",\"coupang.web.sdp.cashRewordcontent10\":\"로켓럭셔리 상품 구매로 적립되는 쿠팡캐시는 무상으로 제공됩니다. 유효 기간은 적립일로부터 6개월이며, 현금영수증 발급이 불가합니다.\",\"coupang.web.sdp.cashRewordcontent11\":\"적립 혜택은 배송 완료 7일 후 반영되며, 구매를 취소할 경우 적립금은 회수됩니다.\",\"coupang.web.sdp.cashRewordcontent12\":\"본 혜택은 기간 종료, 예산 소진 등으로 별도 고지 없이 종료되거나 변경될 수 있습니다.\",\"coupang.web.seo.sdp.linking.module.title\":\"이 상품과 관련된 카테고리\",\"coupang.web.seo.whitelisted.srp.linking.module.title\":\"고객님이 좋아할만한 상품\",\"coupang.web.seo.related.sdp.linking.module.title\":\"연관 추천 상품\",\"coupang.web.sdp.cashbackSummary.title\":\"적립\",\"coupang.web.sdp.cashbackSummary.amount\":\"최대 {amount}원\",\"coupang.web.sdp.cashbackSummary.button.popup\":\"쿠팡캐시 적립\",\"coupang.web.sdp.cashbackSummary.condition\":\"쿠페이 머니 결제시\",\"coupang.web.sdp.cashbackSummary.amount.basic\":\"구매 시 기본 적립 \u003cstrong\u003e{amount}원\u003c/strong\u003e\",\"coupang.web.sdp.cashbackSummary.amount.coupay\":\"쿠페이 머니 결제 시 적립 \u003cstrong\u003e{amount}원\u003c/strong\u003e\",\"coupang.web.sdp.cashbackSummary.popup.notice.item1\":\"* 캐시적립 혜택은 배송 완료 7일 후 반영됩니다.\",\"coupang.web.sdp.cashbackSummary.popup.notice.item2\":\"* 각 혜택 별로 중복 적용이 가능합니다.\",\"coupang.web.sdp.cashbackSummary.popup.notice.item3\":\"* 쿠팡캐시를 사용해 결제한 금액은 캐시적립 혜택에서 제외됩니다.\",\"coupang.web.sdp.cashbackSummary.popup.notice.item4\":\"* 쿠페이 머니 결제는 200만원을 초과하는 상품에 대해서는 불가합니다.\",\"coupang.web.sdp.cashbackSummary.popup.notice.item5\":\"* 구매 시 적립되는 기본 쿠팡캐시의 유효기간은 6개월 입니다.\",\"coupang.web.sdp.cashbackSummary.popup.notice.item6\":\"* 쿠팡캐시 지급 프로모션은 일부 고객에게만 제공될 수 있으며, 기간 종료, 예산 소진 등으로 별도 고지 없이 종료되거나 변경될 수 있습니다.\",\"coupang.web.sdp.cashbackSummary.popup.notice.item7\":\"* 구매 시 적립되는 쿠팡캐시는 무상으로 제공되며, 현금영수증 발급이 불가합니다.\",\"coupang.web.sdp.cashbackSummary.popup.basic.text\":\"구매 시 기본 적립\",\"coupang.web.sdp.cashbackSummary.popup.coupay.basic.text\":\"쿠페이 머니 결제 시 {rate}%\",\"coupang.web.sdp.cashbackSummary.popup.coupay.basic.validity\":\"(월 최대 1만원)\",\"coupang.web.sdp.cashbackSummary.popup.coupay.bank.text\":\"\u003cstrong\u003e와우 멤버십\u003c/strong\u003e + 쿠페이 계좌이체 결제 시 {rate}%\",\"coupang.web.sdp.cashbackSummary.popup.coupay.bank.validity\":\"(첫 30일 동안, 월 최대 2만원)\",\"coupang.web.sdp.cashbackSummary.popup.coupay.money.text\":\"\u003cstrong\u003e와우 멤버십\u003c/strong\u003e  + 쿠페이 머니 결제 시 추가 {rate}%\",\"coupang.web.sdp.cashbackSummary.popup.coupay.money.validity\":\"(첫 30일 동안, 월 최대 4만원)\",\"coupang.web.4b2946\":\"기본 혜택\",\"coupang.web.sdp.cashbackSummary.popup.coupay.title\":\"결제 혜택\",\"coupang.web.sdp.cashbackSummary.button.wow\":\"혜택보기\",\"coupang.web.e96f2d\":\"상품이 장바구니에 담겼습니다.\",\"coupang.web.3da2e0\":\"장바구니 바로가기 \u003e\",\"coupang.web.b1d460\":\"선택한 상품이 일시품절 되었습니다.\",\"coupang.web.d43b1e\":\"보험이 적용된 상품은 한 번에 1개까지 구매할 수 있습니다.\",\"coupang.web.bbdb96\":\"선택하신 상품을 담으려면 이전에 담은 상품을 삭제 후 다시 시도해 주세요.\",\"coupang.web.96fd28\":\"로켓와우\",\"coupang.web.5f7990\":\"택배사:\",\"coupang.web.7a24ee\":\"더 알아보기\",\"coupang.web.81f489\":\"묶음배송 상품보기\",\"coupang.web.fe6923\":\"수량빼기\",\"coupang.web.7b08f9\":\"수량더하기\",\"coupang.web.4ce5e4\":\"선택 가능한 수량은 {quantity}개입니다.\",\"coupang.web.sdp.quantity.health\":\"1일 최대 {quantity}개까지 구매할 수 있습니다.\",\"coupang.web.sdp.quantity.ce\":\"모델 당 1일 최대 1개까지 구매할 수 있습니다.\",\"coupang.web.8259f9\":\"새로고침\",\"coupang.web.f4835d\":\"배송일정 재확인이 필요합니다.\",\"coupang.web.sdp.install.preorder.message\":\"사전예약 상품의 설치일은 사전 협의 후 변경될 수 있습니다.\",\"coupang.web.sdp.handyman.popup.txt3\":\"A/S는 제조사의 위탁을 받은 쿠팡로지스틱스서비스(CLS)가 수행합니다\",\"coupang.web.46603a\":\"판매자:\",\"coupang.web.b822dc\":\"공급자:\",\"coupang.web.sellerStore.desc\":\"건의 평가\",\"coupang.web.e7bc91\":\"다른 판매자 보기\",\"coupang.web.413d52\":\"선택한 상품의 다른 판매자\",\"coupang.web.844cf6\":\"상품가\",\"coupang.web.f56fb6\":\"배송일\",\"coupang.web.8dda8d\":\"판매자\",\"coupang.web.b1d043\":\"묶음배송 가능한 상품\",\"coupang.web.421a0a\":\"전체보기 \u003e\",\"coupang.web.c19fd6\":\"원\",\"coupang.web.c764c2\":\"이전 상품 보기\",\"coupang.web.2cdbdd\":\"다음 상품 보기\",\"coupang.web.79dfe4\":\"상품정보 접기\",\"coupang.web.89952e\":\"상품정보 더보기\",\"coupang.web.d5776b\":\"\u003cstrong\u003e{count}\u003c/strong\u003e 명에게 도움 됨\",\"coupang.web.92e056\":\"이 상품평이 도움 되었나요?\",\"coupang.web.3e86ff\":\"도움이 돼요\",\"coupang.web.310512\":\"도움 안 돼요\",\"coupang.web.e0b783\":\"신고하기\",\"coupang.web.fda722\":\"등록된 상품평이 없습니다.\",\"coupang.web.c9ec14\":\"판매자가 현금거래를 요구하면 거부하시고 즉시 사기 거래 신고센터 (1670-9832)에 신고하시기 바랍니다.\",\"coupang.web.c9ec13\":\"판매자가 현금거래를 요구하면 거부하시고 즉시 사기 거래 신고센터 (02-2621-4699)에 신고하시기 바랍니다.\",\"coupang.web.f85080\":\"필수 표기 정보\",\"coupang.web.d7bc41\":\"필수 표기 정보 더보기\",\"coupang.web.6e50be\":\"더보기\",\"coupang.web.554c11\":\"배송정보\",\"coupang.web.ab04a9\":\"배송방법\",\"coupang.web.9cb6ab\":\"배송사\",\"coupang.web.9062cc\":\"배송비\",\"coupang.web.afd208\":\"묶음배송 여부\",\"coupang.web.2f6b5f\":\"배송기간\",\"coupang.web.c3d3c9\":\"ㆍ주문 시 배송요청일 선택 가능\",\"coupang.web.370891\":\"ㆍ쿠팡친구 배송 지역 : 주문 및 결제 완료 후, 1-2일 이내 도착\",\"coupang.web.aa384c\":\"ㆍ쿠팡친구 미배송 지역 : 주문 및 결제 완료 후, 2-3일 이내 도착\",\"coupang.web.12955f\":\"- 도서 산간 지역 등은 1~7일 더 소요될 수 있습니다.\",\"coupang.web.a20f2d\":\"- 도서 산간 지역 등은 하루가 더 소요될 수 있습니다. 곧 고객님께도 쿠팡친구가 찾아갈 수 있도록 노력하겠습니다\",\"coupang.web.eda784\":\"ㆍ천재지변, 물량 수급 변동 등 예외적인 사유 발생 시, 다소 지연될 수 있는 점 양해 부탁드립니다.\",\"coupang.web.6d5534\":\"교환/반품 안내\",\"coupang.web.483056\":\"교환/반품 비용\",\"coupang.web.0e2708\":\"교환/반품 신청 기준일\",\"coupang.web.d0e711\":\"ㆍ단순변심에 의한 로켓배송 상품의 교환/반품은 제품 수령 후 30일 이내까지만 가능 (교환/반품비용 고객부담)\",\"coupang.web.6998a0\":\"ㆍ상품의 내용이 표시·광고의 내용과 다른 경우에는 상품을 수령한 날부터 3개월 이내, 그 사실을 안 날 또는 알 수 있었던 날부터\",\"coupang.web.c8bcad\":\"30일 이내에 청약철회 가능\",\"coupang.web.b98a58\":\"ㆍ단순변심에 의한 교환/반품은 제품 수령 후 7일이내까지만 가능 (배송비용과 교환/반품비용 왕복배송비 고객부담)\",\"coupang.web.4142a5\":\"교환/반품 제한사항\",\"coupang.web.db36cc\":\"ㆍ주문/제작 상품의 경우, 상품의 제작이 이미 진행된 경우\",\"coupang.web.2182fa\":\"ㆍ고객의 사용, 시간경과, 일부 소비에 의하여 상품의 가치가 현저히 감소한 경우\",\"coupang.web.721517\":\"ㆍ세트상품 일부 사용, 구성품을 분실하였거나 취급 부주의로 인한 파손/고장/오염으로 재판매 불가한 경우\",\"coupang.web.0b259e\":\"ㆍ모니터 해상도의 차이로 인해 색상이나 이미지가 실제와 달라, 고객이 단순 변심으로 교환/반품을 무료로 요청하는 경우\",\"coupang.web.3faa8f\":\"ㆍ제조사의 사정 (신모델 출시 등) 및 부품 가격 변동 등에 의해 무료 교환/반품으로 요청하는 경우\",\"coupang.web.404b2d\":\"※ 각 상품별로 아래와 같은 사유로 취소/반품이 제한될 수 있습니다.\",\"coupang.web.438800\":\"의류/잡화/수입명품\",\"coupang.web.customer.cancellation.return.restrictions.wording\":\"⋅ 상품의 택(TAG) 및 라벨의 멸실 또는 훼손, 상품의 사용 또는 훼손, 구성품 누락으로 상품의 가치가 현저히 감소된 경우\",\"coupang.web.ce4801\":\"계절상품/식품/화장품\",\"coupang.web.1b5515\":\"ㆍ신선/냉장/냉동 상품의 단순변심의 경우\",\"coupang.web.e84cb1\":\"ㆍ뷰티 상품 이용 시 트러블(알러지, 붉은 반점, 가려움, 따가움)이 발생하는 경우,\",\"coupang.web.a7c4d8\":\"진료 확인서 및 소견서 등을 증빙하면 환불이 가능 (제반비용 고객부담)\",\"coupang.web.78bfbb\":\"전자/가전/설치상품\",\"coupang.web.506aa4\":\"ㆍ전자제품의 특성 상 본품 박스를 개봉한 경우\",\"coupang.web.76b2f0\":\"ㆍ설치 또는 사용하여 재판매가 어려운 경우\",\"coupang.web.5230cc\":\"ㆍ상품의 시리얼 넘버 유출로 내장된 소프트웨어의 가치가 감소한 경우 (내비게이션, OS시리얼이 적힌 PMP)\",\"coupang.web.8bc22f\":\"ㆍ홀로그램 등을 분리, 분실, 훼손하여 상품의 가치가 현저히 감소하여 재판매가 불가할 경우 (노트북, 데스크탑 PC 등)\",\"coupang.web.50923f\":\"자동차용품\",\"coupang.web.578bba\":\"ㆍ상품을 개봉하여 장착한 이후 단순변심인 경우\",\"coupang.web.8f33cc\":\"ㆍ복제가 가능한 상품의 포장 등을 훼손한 경우\",\"coupang.web.3942f0\":\"판매자 정보\",\"coupang.web.300ad7\":\"상호/대표자\",\"coupang.web.0e55a6\":\"사업장 소재지\",\"coupang.web.67c1e9\":\"연락처\",\"coupang.web.82b703\":\"통신판매업 신고번호\",\"coupang.web.7b3d2b\":\"사업자번호\",\"coupang.web.432e8a\":\"구매안전 서비스\",\"coupang.web.be5526\":\"서비스 가입사실 확인 \u003e\",\"coupang.web.f22c44\":\"본 판매자는 고객님의 안전거래를 위해 관련 법률에 의거하여 쿠팡페이의 구매안전서비스를 적용하고 있습니다.\",\"coupang.web.4dcea1\":\"미성년자가 체결한 계약은 법정대리인이 동의하지 않는 경우 본인 또는 법정대리인이 취소할 수 있습니다. 쿠팡은 통신판매중개자로서 통신판매의 당사자가 아니며, 광고, 상품 주문, 배송 및 환불의 의무와 책임은 각 판매자에 있습니다.\",\"coupang.web.fd2094\":\"상호\",\"coupang.web.139d1a\":\"미성년자가 체결한 계약은 법정대리인이 동의하지 않는 경우 본인 또는 법정대리인이 취소할 수 있습니다.\",\"coupang.web.0022b1\":\"쿠팡\",\"coupang.web.38af24\":\"상품인증정보\",\"coupang.web.cf878a\":\"- 서비스 이용 지역별 상이\",\"coupang.web.b2b4f5\":\"(단, 주문 시간별 도착 예정 시간은 지역 및 상황에 따라 변동될 수 있어, 정확한 정보는 결제 완료 시 안내되는 문구를 꼭 확인 부탁드립니다)\",\"coupang.web.390977\":\"- 새벽배송 가능 지역: 밤 12시까지 주문 시, 아침 7시전 도착\",\"coupang.web.a4b8ac\":\"- 천재지변, 물량 수급 변동 등 예외적인 사유 발생 시, 다소 지연될 수 있는 점 양해 부탁드립니다.\",\"coupang.web.79f9b5\":\"ㆍ단순변심에 의한 교환/반품은 제품 수령 후 7일 이내까지, 교환/반품 제한사항에 해당하지 않는 경우에만 가능 (배송비용과 교환/반품 비용 왕복배송비 고객부담)\",\"coupang.web.fa9e7a\":\"ㆍ단순변심에 의한 로켓배송 상품의 교환/반품은 제품 수령 후 30일 이내까지, 교환/반품 제한사항에 해당하지 않는 경우에만 가능\",\"coupang.web.return.policy.date.fresh\":\"※ 로켓프레시 상품의 경우 배송시작 후에는 취소가 불가하며, 배송완료 후 반품을 진행하실 수 있습니다. 단, 신선/냉장/냉동 상품의 단순변심의 경우 재판매가 불가한 상품의 특성 상 단순변심에 의한 반품이 제한됩니다.\",\"coupang.web.78d5a6\":\"ㆍ단순변심에 의한 로켓배송 상품의 교환/반품은 제품 수령 후 30일 이내까지, 교환/반품 제한사항에 해당하지 않는 경우에만 가능 (교환/반품 비용 고객부담)\",\"coupang.web.prod_delivery_policy_legal_1\":\"ㆍ교환/반품에 관한 일반적인 사항은 판매자가 제시사항보다 관계법령이 우선합니다.\",\"coupang.web.prod_delivery_policy_legal_2\":\"다만, 판매자의 제시사항이 관계법령보다 소비자에게 유리한 경우에는 판매자 제시사항이 적용됩니다.\",\"coupang.web.5df59b\":\"ㆍ상품 포장을 개봉하여 사용 또는 설치 완료되어 상품의 가치가 훼손된 경우 (단, 내용 확인을 위한 포장 개봉의 경우는 예외)\",\"coupang.web.b1436f\":\"(단, 주문 가능 및 도착 예정 시간은 상황에 따라 변동될 수 있어, 정확한 정보는 결제 완료 시 안내되는 문구를 꼭 확인 부탁드립니다)\",\"coupang.web.71gjf1\":\"미성년자가 체결한 계약은 법정대리인이 동의하지 않는 경우 본인 또는 법정대리인이 취소할 수 있습니다. 쿠팡은 통신판매중개자로서 통신판매의 당사자가 아니며, 광고, 고시정보, 상품 주문, 배송 및 환불의 의무와 책임은 각 판매자에 있습니다.\",\"coupang.web.771162\":\"(왕복비용)\",\"coupang.web.f2fd4a\":\"ㆍ해외배송 특성상, '상품준비중'단계 이후부터 교환/반품은 상품 수령 후 가능\",\"coupang.web.1b6228\":\"ㆍ제품 개봉 및 사용한 경우, 단순변심 및 고객실수로 인한 경우\",\"coupang.web.0ac651\":\"ㆍ배송 중 제품이 세관에 걸려있을 경우, 교환/반품 불가. 상품 수령 후 가능\",\"coupang.web.e2f264\":\"ㆍ해외 현지 사정이나 판매에 대한 가격 정책 등에 따라 제품의 가격 변동 사유로 인한 경우\",\"coupang.web.650fdd\":\"ㆍ뷰티 상품 이용 시, 트러블(알러지, 붉은 반점, 가려움, 따가움)이 발생하는 경우 진료 확인서 및 소견서 등을 증빙하면 환불가능 (제반비용 고객부담)\",\"coupang.web.d5e4cc\":\"ㆍ로켓직구는 해외판매자가 입점하여 상품을 고객에게 직접 배송하며, 쿠팡은 해외판매자와 고객 간의 거래를 위한 최소한의 서비스를 제공하며,\",\"coupang.web.2fba33\":\"해외업체가 등록한 상품에 대해서는 법적 책임을 지지 않습니다.상품에 오류가 있을 경우, 상품문의에 남겨주시면 신속히 확인/처리 하도록 하겠습니다.\",\"coupang.web.4cfbb0\":\"식품/세제/화장품\",\"coupang.web.ecdf8a\":\"ㆍ고객님의 사용, 시간경과, 일부 소비에 의하여 상품의 가치가 현저히 감소한 경우\",\"coupang.web.f1e215\":\"설치상품 및 자동차용품\",\"coupang.web.a64a40\":\"ㆍ상품을 개봉 후 단순변심으로 교환/반품을 요청하였으나, 사용감으로 재판매 불가한 경우\",\"coupang.web.8d2817\":\"ㆍ구매대행상품은 해외판매자가 입점하여 상품을 고객에게 직접 배송하며, 쿠팡은 해외판매자와 고객 간의 거래를 위한 최소한의 서비스를 제공하며,\",\"coupang.web.fa8b10\":\"해외업체가 등록한 상품에 대해서는 법적 책임을 지지 않습니 다. 상품에 오류가 있을 경우, 상품문의에 남겨주시면 신속히 확인/처리 하도록 하겠습니다.\",\"coupang.web.5e24a5\":\"상품의 택(TAG) 제거, 라벨 및 상품 훼손, 구성품 누락으로 상품의 가치가 현저히 감소된 경우\",\"coupang.web.f005b2\":\"ㆍ단순변심에 의한 상품의 교환/반품은 제품 수령 후 30일 이내까지, 교환/반품 제한사항에 해당하지 않는 경우에만 가능 (교환/반품 비용 고객부담)\",\"coupang.web.4501f5\":\"ㆍ도서산간 지역 등은 배송에 3-5일이 더 소요될 수 있습니다.\u003cbr/\u003e\u003cbr/\u003e \u0026nbsp;\u0026nbsp;- 천재지변, 물량 수급 변동 등 예외적인 사유 발생 시, 다소 지연될 수 있는 점 양해 부탁드립니다.\",\"coupang.web.db2cf9\":\"가격 안내\",\"coupang.web.customDueies.title\":\"관부가세 안내\",\"coupang.web.customDueies.content\":\"동일 통관 일자의 각 국가별 해외 배송 상품 구매 금액이 \u003cstrong\u003e총 USD 150을 넘는 경우\u003c/strong\u003e, 관부가세가 발생할 수 있습니다. (*통관 시점의 환율에 따라 실제 관부가세가 달라질 수 있습니다.주문 수/구매처 무관)\",\"coupang.web.customDueies.popup.title\":\"관부가세 안내\",\"coupang.web.customDueies.popup.content1\":\"동일 통관 일자의 각 국가별 해외 배송 상품 구매 금액이 \u003cstrong\u003e총 USD 150을 넘는 경우\u003c/strong\u003e, 관부가세가 발생할 수 있습니다. (*통관 시점의 환율에 따라 실제 관부가세가 달라질 수 있습니다.주문 수/구매처 무관)\",\"coupang.web.customDueies.popup.content2\":\"특히, \u003cstrong\u003e합산과세가 발생하는 경우를 주의\u003c/strong\u003e 부탁드리며, 원활한 \u003cstrong\u003e수입 통관을 위해 운송사가 고객님의 개인정보(주민번호 등)를 요청할 수 있습니다\u003c/strong\u003e.\",\"coupang.web.customDueies.popup.content3\":\"\u003cstrong\u003e합산과세란?\u003c/strong\u003e 해외직구로 구매한 복수의 물품이 \u003cstrong\u003e동일한 날짜\u003c/strong\u003e에 통관될 경우, 발송국가를 기준으로 별개의 과세단위를 서로 합하여 과세하는 것입니다. (주문 수/구매처 무관)\",\"coupang.web.customDueies.popup.content4\":\"수령인이 동일한 2건 이상의 물품이 같은 날짜에 통관이 진행되어 당일 관세신고 금액이 USD 150 기준을 초과하는 경우 (단, 서로 다른 국가에서 발송되었다면 제외)\",\"coupang.web.customDueies.popup.content5\":\"USD 150 이하의 상품을 복수 구매하여, 통관 시점 총 결제금액이 약 USD 150를 초과하는 경우 등\",\"coupang.web.customDueies.popup.content6\":\"교환으로 인한 재출고 상품도 합산 과세 대상이 됨\",\"coupang.web.customDueies.popup.content7\":\"** 미국 직구의 경우, 기본적으로 \u003cstrong\u003e총 결제금액 USD 200까지 무관세\u003c/strong\u003e이나, 일부 상품에 대해 USD 150 한도 적용.\",\"coupang.web.customDueies.popup.button\":\"확인\",\"coupang.web.customDueies.jikgu.popup.title\":\"관부가세 안내\",\"coupang.web.customDueies.jikgu.popup.content.txt1\":\"로켓직구 상품은 관부가세가 포함되어 통관 시 관부가세를 따로 지불하지 않아도 됩니다.\",\"coupang.web.customDueies.jikgu.popup.content.txt2\":\"\u003cstrong\u003e단, 쿠팡의 판매자 상품 주문일에 쿠팡 또는 타 사이트 동일 판매자에게 추가 주문해 총 구매 금액 150달러(미국발 200달러) 초과 시 합산 과세가 진행되며, 그 중 타 사이트에서 구매한 경우 관부가세가 부과될 수 있습니다.\u003c/strong\u003e(판매자명은 쿠팡 상품 상세 페이지에서 확인 가능)\",\"coupang.web.customDueies.jikgu.popup.content.txt3\":\"주문 후 관부가세 납부 안내를 받고 문의 사항이 있을 시 쿠팡 고객센터로 연락 부탁드립니다. (전화/채팅 문의)\",\"coupang.web.customDueies.jikgu.popup.content.txt4\":\"수하인의 성명과 전화번호가 관세청에 등록된 개인통관고유부호 발급정보(성명, 전화번호)와 일치하여야 통관이 가능합니다. 불일치 시 원활한 통관을 위해 관세사가 고객님의 개인정보를 요청할 수 있습니다.\",\"coupang.web.customDueies.jikgu.title\":\"모든 로켓직구 상품은 \u003cspan\u003e관부가세 포함가!\u003c/span\u003e\",\"coupang.web.customDueies.jikgu.content\":\"추가 비용 없이 해외 배송 상품을 구매하세요. (합산 과세는 제외)\",\"coupang.web.customDueies.cgf.popup.title\":\"해외 배송 상품 안내\",\"coupang.web.customDueies.cgf.popup.content.txt1\":\"이 상품은 해외에서 국내로 배송되어 통관 시 받는 사람의 개인통관고유부호가 필요하며, 정보가 정확하지 않을 경우 배송이 늦어질 수 있습니다.\",\"coupang.web.customDueies.cgf.popup.content.txt2\":\"통관 중 문제 발생 시 관세사가 개인정보를 요청할 수 있으므로 원활한 통관을 위해 연락 가능한 연락처를 입력해주세요.\",\"coupang.web.customDueies.cgf.popup.content.txt3\":\"관부가세 안내\",\"coupang.web.customDueies.cgf.popup.content.txt4\":\"관세청 '합산 과세 기준'에 따라 주문일 기준 동일 판매자에게 구매한 해외 배송 상품의 총 구매 금액이 국가별 면세 한도 초과 시 관부가세가 부과될 수 있습니다. (타 사이트 동일 판매자 주문 내역도 합산 과세 대상)\",\"coupang.web.customDueies.cgf.popup.content.txt5\":\"주문일 기준 국가별 수입 면세 한도\",\"coupang.web.customDueies.cgf.popup.content.txt6\":\"미국: 미화 $200 (식품, 건강식품, 뷰티, 전자기기 등 목록통관 예외 상품은 $150)\",\"coupang.web.customDueies.cgf.popup.content.txt7\":\"그 외 국가: 미화 $150\",\"coupang.web.customDueies.cgf.title\":\"해외 배송 상품 안내\",\"coupang.web.customDueies.cgf.body.txt1\":\"원활한 통관을 위해 \u003cstrong\u003e개인통관고유부호가\u003c/strong\u003e 필요합니다.\",\"coupang.web.customDueies.cgf.body.txt2\":\"주문일 기준 동일 판매자 총 구매 금액이 \u003cstrong\u003e면세 한도 초과 시 관부가세가 부과\u003c/strong\u003e될 수 있습니다.\",\"coupang.web.customDueies.button\":\"자세히보기\",\"coupang.web.5b4d0e\":\"상품상세\",\"coupang.web.c86a24\":\"상품평\",\"coupang.web.2f004b\":\"상품문의\",\"coupang.web.80e838\":\"배송/교환/반품 안내\",\"persistent.cart.total\":\"합계({total}):\",\"persistent.cart.button\":\"장바구니 가기\",\"seo.common.site.name\":\"쿠팡\",\"coupang.web.ca91a1\":\"중고 상품\",\"coupang.web.38c1b4\":\"가격\",\"coupang.web.4820e1\":\"상품 상태\",\"coupang.web.108850\":\"상세보기 \u003e\",\"coupang.web.0f3be8\":\"쿠폰 받기\",\"coupang.web.be2861\":\"선택하신 필터에 맞는 상품이 없습니다. 필터를 다시 선택해주세요.\",\"coupang.web.54c20c\":\"상세 이미지\",\"coupang.web.f8b6f5\":\"장바구니에 보험이 적용된 동일 상품이 있어 담을 수 없습니다.\",\"coupang.web.a84bb8\":\"현재 상품\",\"coupang.web.d883e4\":\"이 외에도 구매한 상품\",\"coupang.web.53b4e5\":\"다른 고객이 함께 구매한 상품\",\"coupang.web.406d92\":\"자세히보기 \u003e\",\"coupang.web.9c57a5\":\"별점 정보\",\"coupang.web.2b3149\":\"나쁨\",\"coupang.web.ebf90b\":\"별로\",\"coupang.web.666599\":\"보통\",\"coupang.web.4b15b4\":\"좋음\",\"coupang.web.97b8be\":\"최고\",\"coupang.web.08dcb9\":\"리뷰어 뱃지 안내\",\"coupang.web.dcdfdc\":\"[뱃지 안내]\",\"coupang.web.48a9e1\":\"리뷰어 뱃지는 다른 고객에게 자신을 나타낼 수 있는 도구입니다.\",\"coupang.web.410cbd\":\"쿠팡에서 신뢰도 높은 상품평을 작성해주시면 얻을 수 있으며, 이름 또는 닉네임 옆에 최대 2개가 노출됩니다.\",\"coupang.web.242a16\":\"어떤 종류는 리뷰어 순위 변동에 따라 다른 고객에게 넘어갈 수도 있고, 특정 상황에서는 뱃지가 노출 안 될 수도 있습니다.\",\"coupang.web.839463\":\"2개 이상을 획득했을 경우 대표 뱃지가 우선적으로 보여집니다.\",\"coupang.web.92970a\":\"[뱃지 종류]\",\"coupang.web.45deef\":\"TOP 리뷰어\",\"coupang.web.eedf17\":\"본 뱃지는 쿠팡 전체 고객 대상으로 상품평 활동량에 따라 순위 결정 후 부여 되며, 주기적으로 업데이트 합니다.\",\"coupang.web.a58314\":\"현재 TOP 1, 10, 50, 100, 500, 1000 리뷰어 뱃지가 있습니다.\",\"coupang.web.f4f3fe\":\"카테고리 TOP\",\"coupang.web.e02cf0\":\"각 카테고리 내에서 신뢰도 높은 상품평 활동을 한 최상위 100명에게 부여됩니다.\",\"coupang.web.f9b4de\":\"TOP 리뷰어가 아닌 고객도 카테고리 TOP 뱃지를 얻을 수도 있습니다.\",\"coupang.web.638acd\":\"실명 리뷰어\",\"coupang.web.2982cd\":\"실명을 사용하면 작성하신 상품평에 대한 신뢰도가 높아집니다.\",\"coupang.web.02ae16\":\"마스킹 처리된 이름이나 닉네임이 아닌, 실명을 사용하는 리뷰어에게 이 특별한 뱃지가 주어집니다.\",\"coupang.web.4ab89a\":\"상품평 설정 페이지에서 실명 공개 동의를 하시면 바로 뱃지를 얻을 수 있습니다.\",\"coupang.web.c2cecd\":\"쿠팡체험단\",\"coupang.web.821980\":\"쿠팡체험단에 초대 되신 고객이 상세한 상품평을 작성하면 쿠팡체험단 뱃지가 발급됩니다.\",\"coupang.web.a62775\":\"※ 리뷰어 뱃지는 다른 고객에게 자신을 나타낼 수 있는 도구이며, 활동량과 자격에 따라 자동으로 부여됩니다.\",\"coupang.web.47ab89\":\"신뢰도 높은 상품평을 작성하면 평가 및 활동량에 따라 뱃지가 부여되고, 기준은 주기적으로 업데이트 됩니다.\",\"coupang.web.7a55be\":\"실명을 사용하면 작성하신 상품평에 대한 신뢰도가 높아집니다. 상품평 설정 메뉴에서 실명 공개 동의를 하면 바로 뱃지를 얻을 수 있습니다.\",\"coupang.web.106b73\":\"쿠팡체험단 안내\",\"coupang.web.a98303\":\"쿠팡체험단 안내 본문\",\"coupang.web.ace61a\":\"쿠팡체험단 안내 본문 이미지\",\"coupang.web.97e9d9\":\"\\\"※ 상품평 운영원칙 및 관련 법령에 위반되는 경우에는 해당 \\\"상품평\\\"에 대해 임시 대처, 비공개, 삭제 등의 필요한 조치가 취해질 수 있습니다.\\\"\",\"coupang.web.99c71f\":\"1. 작성한 글은 개인의 의견이므로 게시된 내용에 대한 모든 책임은 작성자에게 있습니다\",\"coupang.web.f148df\":\"2. 상품평은 상품의 사용 관련 후기인 바, 상품배송ㆍ주문취소ㆍ교환ㆍ반품 등에 관한 문의사항은 고객센터를 이용해 주시기 바랍니다\",\"coupang.web.ffbf23\":\"3. 다음과 같은 내용은 상품평에 허용되지 않는 내용인 바, 상품평 작성 시 주의하시기 바랍니다\",\"coupang.web.324702\":\"A. 주관적인 의견으로 인해 상품의 기능 및 효과에 대하여 오해의 소지가 있는 내\",\"coupang.web.698c0b\":\"B.  식품/건강기능식품 관련하여 질병의 예방 및 치료, 체중감량(다이어트)에 효능·효과가 있다는 내\",\"coupang.web.d76623\":\"C. 비방, 욕설, 도배 등의 게시물, 동일한 단어나 문장의 반\",\"coupang.web.18502e\":\"D. 타인 또는 기타 기관이 작성, 공개한 정보를 복사하여 기재한 부\",\"coupang.web.cef158\":\"E. 상업적 목적의 광고성 내\",\"coupang.web.c9d0ce\":\"F.  그 밖에 상품평 운영원칙에 위배된 내\",\"coupang.web.0ef420\":\"4. 상품평으로 인해 다른 회원 또는 제3자에게 피해를 줄 경우 법적인 책임이 따를 수 있으며, 이에 대한 책임은 글을 게시한 당사자에게 있습니다\",\"coupang.web.427508\":\"5. 개인정보 보호와 관련된 피해를 방지하기 위해 주민번호, 전화번호, 이메일, 연락처 등의 내용 기입은 삼가해 주시기 바랍니다. 해당 내용이 발견되는 경우\",\"coupang.web.051f54\":\"제3자 노출을 방지하기 위해 관리자에 의해 노출 제한, 비공개, 삭제 등이 될 수 있습니다\",\"coupang.web.6430ed\":\"6. 모든 상품평은 공개함을 원칙으로 하나, 상품평의 성격에 맞지 않는 내용은 관리자에 의해 노출 제한, 비공개, 삭제 등이 될 수 있습니다\",\"coupang.web.aa9a95\":\"※ 쿠팡체험단에 초대되신 고객이 쿠팡이 무료로 제공한 상품에 상품평을 작성하면 뱃지가 발급됩니다. 쿠팡체험단에 도전해보세요.\",\"coupang.web.a18531\":\"쿠팡체험단 소개\",\"coupang.web.abcc8f\":\"신뢰도 높은 활동을 한 리뷰어에게 최신 상품을 경험해볼 수 있는 기회를 제공합니다.\",\"coupang.web.dccb85\":\"A. 초대 형태로 운영\",\"coupang.web.5de24f\":\"B. SMS/이메일 수신 거부 시 초대 불가\",\"coupang.web.3eb930\":\"C. 수령 후 상품평 작성 필수\",\"coupang.web.b15ff3\":\"D. 미등록 시 체험단 자격 박탈 가능\",\"coupang.web.bc3878\":\"E. 우수 리뷰어는 지속적으로 초대 가능\",\"coupang.web.9492b2\":\"쿠팡체험단 선정 기준\",\"coupang.web.f65cd4\":\"상세하고 정직한 상품평을 작성하면 리뷰어 점수와 랭킹 순위가 높아지고, 초대 받을 확률도 증가합니다.\",\"coupang.web.c12671\":\"쿠팡체험단 운영 원칙\",\"coupang.web.b0c1fa\":\"솔직한 상품평을 작성해야 하며, 쿠팡체험단 상품평 기준 또는 상품평 운영원칙에 어긋나는 상품평을 작성한 리뷰어게는 자격 박탈 등의 불이익이 생길 수 있습니다.\",\"coupang.web.aba088\":\"접기\",\"coupang.web.925ba2\":\"프로필로 돌아가기\",\"coupang.web.ac5b57\":\"보기\",\"coupang.web.340bd9\":\"신고하시는 사유가 무엇인가요? (필수)\",\"coupang.web.7a594b\":\"신고하시는 이유를 알려주세요 (필수)\",\"coupang.web.53bb23\":\"상품평과 관계 없는 글 (비방, 욕설, 광고, 잘못된 정보 등)을 신고해주시면, 관리자 확인 후 해당 상품평의 노출이 제한될 수 있습니다. 타당한 사유 없이 허위 신고 시 신고자에 대한 활동 제한이 가해질 수 있으니, 신고 전에 신중하게 재고해주시기 바랍니다.\",\"coupang.web.877a1b\":\"등록하기\",\"coupang.web.ce1749\":\"신고 사유를 선택해 주세요.\",\"coupang.web.4cc5c2\":\"신고 이유를 입력해 주세요.\",\"coupang.web.b8c8ba\":\"신고되었습니다.\",\"coupang.web.5a849f\":\"총\",\"coupang.web.a57ab0\":\"개\",\"coupang.web.3537f0\":\"수정\",\"coupang.web.6139b6\":\"삭제\",\"coupang.web.14bd22\":\"이벤트 상세정보\",\"coupang.web.15390a\":\"갤러리 이미지\",\"coupang.web.f036a5\":\"갤러리 상세 보기\",\"coupang.web.3d2a02\":\"더보기 \u003e\",\"coupang.web.6a0dea\":\"상품평 운영원칙\",\"coupang.web.b154f9\":\"※ 상품평 운영원칙 및 관련 법령에 위반되는 경우에는 해당 상품평에 대한 임시 대처, 비공개 전환, 삭제 등의 필요한 조치가 취해질 수 있습니다.\",\"coupang.web.31c822\":\"1. 작성된 글과 첨부된 멀티미디어 파일 등으로 이루어진 각 상품평은 개인의 의견을 반영하므로, 게시된 내용에 대한 모든 책임은 작성자에게 있습니다.\",\"coupang.web.30410d\":\"2. 상품평은 상품의 사용 관련 후기인 바, 배송·주문취소·교환·반품 등에 관한 문의사항은 고객센터로 제기하시기 바랍니다.\",\"coupang.web.488bc7\":\"3. 다음과 같은 내용은 상품평에 허용되지 않은 부류인 바, 상품평 작성 시 주의하시기 바랍니다.\",\"coupang.web.f9e3b3\":\"B. 식품/건강기능식품과 관련하여 질병의 예방 및 치료, 체중감량 (다이어트)에 효능·효과가 있다는 내용\",\"coupang.web.8457a7\":\"C.비방, 욕설, 도배 등의 게시물 또는 반복되는 동일 단어나 문장\",\"coupang.web.5f61c7\":\"F. 그 밖에 상품평 운영원칙에 위배되거나 그러하다고 사료되는 내용\",\"coupang.web.530c2f\":\"4. 상품평으로 인해 다른 회원 또는 제3자에게 피해가 가해질 경우, 법적인 책임이 따를 수 있으며, 이에 대한 책임은 상품평을 게시한 당사자에게 있습니다.\",\"coupang.web.796995\":\"5. 개인정보 보호와 관련된 피해를 방지하기 위해 주민번호, 전화번호, 이메일, 연락처 등의 내용 기입은 삼가해주시기 바랍니다. 해당 내용이 발견되는 경우,\",\"coupang.web.6d7345\":\"제3자 노출을 방지하기 위해 관리자에 의해 노출 제한, 비공개 전환, 삭제 처리 등이 될 수 있습니다.\",\"coupang.web.556e28\":\"6. 이 외 상품평의 성격에 맞지 않는 내용은 관리자에 의해 노출 제한, 비공개 전환, 삭제 처리 등이 될 수 있습니다.\",\"coupang.web.c11734\":\"동영상\",\"coupang.web.5cd4cd\":\"갤러리\",\"coupang.web.24672a\":\"섬네일을 클릭하면 더 많은 상품평 정보를 볼 수 있어요\",\"coupang.web.302bae\":\"이미지\",\"coupang.web.c46174\":\"상품평 이미지 상세 보기\",\"coupang.web.6ecba0\":\"신뢰도 높은 상품평을 작성해주신 분들이 다른 고객에게\",\"coupang.web.80ce81\":\"자신을 나타낼 수 있도록 다양한 리뷰어 뱃지가 부여됩니다.\",\"coupang.web.334219\":\"쿠팡체험단은 상품평을 활발하게 작성해주신 고객 중 대상자를 2주마다\",\"coupang.web.fea58c\":\"선발하여 제품을 실제로 사용해보실 수 있도록 마련된 프로그램입니다.\",\"coupang.web.9c9e48\":\"전체보기\",\"coupang.web.b41a49\":\"베스트순\",\"coupang.web.79588b\":\"최신순\",\"coupang.web.98d3d9\":\"글작성\",\"coupang.web.4b26ba\":\"글수정\",\"coupang.web.f8e700\":\"상품평을 검색해보세요.\",\"coupang.web.3a3d3f\":\"모든 별점 보기\",\"coupang.web.ba7af7\":\"'커버력'\",\"coupang.web.c8148b\":\"{count}개의 검색 결과가 있습니다.\",\"coupang.web.8d901c\":\"도움\",\"coupang.web.9f96b8\":\"명\",\"coupang.web.ef2366\":\"랭킹\",\"coupang.web.ad8c9d\":\"등\",\"coupang.web.fa3c3b\":\"내 정보관리\",\"coupang.web.4f9614\":\"작성\",\"coupang.web.054709\":\"현재 판매 중인 상품이 아닙니다.\",\"coupang.web.c9e5d6\":\"그 외 배송비 {0}원\",\"coupang.web.review.modal.my.profile.title\":\"내 리뷰관리\",\"coupang.web.0de6e8\":\"구매 후 상품평을 등록해 보세요.\",\"pdp.review.delete.my.review.confirm\":\"삭제 후 복구나 재등록이 불가합니다.\\n정말 삭제하시겠습니까?\",\"coupang.web.06fea6\":\"서버에서 오류가 발생하였습니다.\",\"coupang.web.e1fbaf\":\"정말 별로예요\",\"coupang.web.8561a9\":\"별로예요\",\"coupang.web.db5858\":\"괜찮아요\",\"coupang.web.4e89f1\":\"좋아요\",\"coupang.web.88f0e8\":\"아주 좋아요\",\"coupang.web.ca5346\":\"상품평 수정하기\",\"coupang.web.427da5\":\"별점평가\",\"coupang.web.22dd3d\":\"사진첨부\",\"coupang.web.4be169\":\"사진 첨부하기\",\"coupang.web.f24950\":\"사진은 최대 20MB  이하의 jpeg, png, gif 파일 총\",\"coupang.web.7c204d\":\"개까지 첨부 가능합니다.\",\"coupang.web.4bf021\":\"상품평 등록 이후에도 언제든지 쿠팡 모바일앱에서 편리하게 사진 추가/수정이 가능합니다.\",\"coupang.web.64332b\":\"문의하기\",\"coupang.web.2c9bfb\":\"구매한 상품의 \u003cem\u003e취소/반품은 마이쿠팡 구매내역에서 신청\u003c/em\u003e 가능합니다.\",\"coupang.web.60ac66\":\"상품문의 및 후기게시판을 통해 취소나 환불, 반품 등은 처리되지 않습니다.\",\"coupang.web.d5688b\":\"\u003cem\u003e가격, 판매자, 교환/환불 및 배송 등 해당 상품 자체와 관련 없는 문의는 고객센터 내 1:1 문의하기\u003c/em\u003e를 이용해주세요.\",\"coupang.web.d4de45\":\"\u003cem\u003e\\\"해당 상품 자체\\\"와 관계없는 글, 양도, 광고성, 욕설, 비방, 도배 등의 글은 예고 없이 이동, 노출제한, 삭제 등의 조치가 취해질 수 있습니다.\u003c/em\u003e\",\"coupang.web.5baa49\":\"공개 게시판이므로 전화번호, 메일 주소 등 고객님의 소중한 개인정보는 절대 남기지 말아주세요.\",\"coupang.web.99ec2a\":\"판매 부적격 상품 또는 허위과장광고 및 지식재산권을 침해하는 상품의 경우 신고하여 주시기 바랍니다.\",\"coupang.web.32729c\":\"질문\",\"coupang.web.2b2ab8\":\"답변\",\"coupang.web.55a53a\":\"상품 문의\",\"coupang.web.793f3b\":\"상품정보\",\"coupang.web.f94aef\":\"문의내용\",\"coupang.web.251105\":\"상품 옵션 선택하여 판매자를 선택해주세요.\",\"coupang.web.f83ffa\":\"* 개인정보(주민번호, 연락처, 주소, 계좌번호, 카드번호 등)가 포함되지 않도록 유의해주세요.\",\"coupang.web.be8764\":\"취소\",\"coupang.web.8d1a75\":\"선택\",\"coupang.web.1586b4\":\"로그인 후 신고할 수 있습니다\",\"coupang.web.fcfb5a\":\"을(를) 선택하세요.\",\"coupang.web.3898da\":\"아직 문의가 없습니다.\",\"coupang.web.f55dff\":\"무료배송 이벤트 (기간한정)\",\"coupang.web.89bbfe\":\"선택하신 옵션에 맞는 상품이 없습니다. 다른 옵션을 선택해주세요.\",\"coupang.web.used.item.category.status.new\":\"새 상품\",\"coupang.web.used.item.category.status.like.new\":\"반품-미개봉\",\"coupang.web.used.item.category.status.very.good\":\"반품-최상\",\"coupang.web.used.item.category.status.good\":\"반품-상\",\"coupang.web.used.item.category.status.acceptable\":\"반품-중\",\"coupang.web.8c831f\":\"필터\",\"coupang.web.591a4d\":\"전체해제\",\"coupang.web.f9f076\":\"다운완료\",\"coupang.web.185fe3\":\"이미지 첨부는 총 {val}개까지 가능합니다.\",\"coupang.web.a05100\":\"이미지 업로드 중 오류가 발생하였습니다.\",\"coupang.web.bb2255\":\"수정한 내용이 지워지게 됩니다 취소 하시겠습니까?\",\"coupang.web.e1785a\":\"별점을 선택해 주세요.\",\"coupang.web.518f4e\":\"에 숫자만 입력해 주세요.\",\"coupang.web.2f06a9\":\"를 선택해 주세요.\",\"coupang.web.3c62e4\":\"카테고리 인기상품\",\"coupang.mobile.web.e7d3d0\":\"환불조건 및 방법\",\"coupang.mobile.web.294ad8\":\"[기프트카드 환불]\",\"coupang.mobile.web.472181\":\"수신자의 선물 수락 전에 한하여 구매자가 주문 목록에서 취소하여 환불 가능\",\"coupang.mobile.web.b34f0b\":\"(마이쿠팡 \u003e 주문 목록에서 주문 취소)\",\"coupang.mobile.web.f51e80\":\"수신자가 선물 수락 후 기프트카드를 등록하면 기프트카드 환불 불가\",\"coupang.mobile.web.0f9230\":\"부분 결제는 취소 불가능하며, 결제 당 전체 취소만 가능\",\"coupang.mobile.web.f8dda1\":\"수신자가 거절 혹은 유효기간 내 수락하지 않은 경우, 원 결제수단으로 구매자에게 전액 자동 환불 (결제수단에 따라 평일 최대 7일 소요)\",\"coupang.mobile.web.0c947e\":\"[전환된 쿠팡캐시 환불]\",\"coupang.mobile.web.b1ca6a\":\"기프트카드가 등록되어 쿠팡캐시로 전환된 경우, 마지막 충전 시 총액을 기준으로 환불\",\"coupang.mobile.web.488ff4\":\"・ 총액 기준 1만원 초과 금액이 등록된 경우 60% 이상 사용시 잔액 환불\",\"coupang.mobile.web.d09028\":\"・ 총액 기준 1만원 이하 금액이 등록된 경우 80% 이상 사용시 잔액 환불\",\"coupang.mobile.web.66a430\":\"등록된 쿠팡캐시 잔액과 관련한 환불 문의는 쿠팡 페이 고객센터로 연락\",\"coupang.mobile.web.377a42\":\"기타 유의사항\",\"coupang.mobile.web.232484\":\"기프트카드로 전환된 쿠팡캐시는 환불조건이 쿠페이머니와 다르므로, 쿠페이머니로 기프트카드를 구매하여 이용하려는 경우 환불조건이 다름에 유의\",\"coupang.mobile.web.48a5fd\":\"쿠페이머니는 전액 환급되나, 기프트카드를 쿠팡캐시로 전환한 경우 60% 이상(1만원권은 80% 이상) 이용 시 환급\",\"coupang.mobile.web.fbd53c\":\"기타 쿠팡 이용약관 및 쿠팡페이 이용약관 참조\",\"webview.pac.bottom.sheet.text1\":\"품절 임박·{num}개 남음\",\"webview.pac.bottom.sheet.text2\":\"장바구니에 상품을 담았습니다.\",\"webview.pac.bottom.sheet.text3\":\"장바구니 가기\",\"webview.pac.bottom.sheet.text4\":\"쿠팡 와우카드 발급하면\",\"webview.pac.bottom.sheet.text5\":\"여기서 발급 완료하면 받아요\",\"webview.pac.bottom.sheet.text6\":\"{amount} 쿠팡캐시 받기\",\"webview.pac.bottom.sheet.text7\":\"이 광고 7일간 보지 않기\",\"webview.pac.bottom.sheet.text8\":\"방금 담은 상품\",\"webview.pac.bottom.sheet.text9\":\"쿠팡캐시 사용 시\",\"webview.pac.bottom.sheet.text10\":\"\u003cspan\u003e{amount}\u003c/span\u003e 받아요\",\"webview.pac.bottom.sheet.text11\":\"https://img1a.coupangcdn.com/image/coupang/wow-card-landing/wow-card.png\",\"webview.pac.bottom.sheet.text12\":\"여기서 발급하고 혜택받기\",\"webview.pac.bottom.sheet.text13\":\"쿠팡 와우카드 발급 혜택받고\",\"webview.pac.bottom.sheet.text14\":\"더 저렴하게 구매하세요\",\"webview.pac.bottom.sheet.text15\":\"쿠팡캐시 혜택 사용 시\",\"webview.pac.bottom.sheet.benefit.desc1\":\"실적 걱정 제로\",\"webview.pac.bottom.sheet.benefit.title1\":\"전월실적 조건 없음\",\"webview.pac.bottom.sheet.benefit.desc2\":\"최소결제금액 없음\",\"webview.pac.bottom.sheet.benefit.title2\":\"100원만 써도 캐시적립\",\"webview.pac.bottom.sheet.benefit.desc3\":\"신분증 촬영, 1원 인증 후\",\"webview.pac.bottom.sheet.benefit.title3\":\"실물카드 없이 바로 사용\",\"webview.pac.bottom.sheet.benefit.desc4\":\"번거로움 없이\",\"webview.pac.bottom.sheet.benefit.title4\":\"쉽고 빠른 간편신청\",\"coupang.mobile.web.used.item.popup.title\":\"반품 상품 등급 안내\",\"coupang.mobile.web.used.item.popup.desc\":\"로켓배송 상품은 쿠팡이 직접 검수한 후 판매합니다.\",\"coupang.mobile.web.used.item.category.unopened\":\"반품-미개봉\",\"coupang.mobile.web.used.item.category.unopened.voc.desc\":\"미사용 상품으로 상품 상태는 새 상품과 동일합니다.\",\"coupang.mobile.web.used.item.category.unopened.desc\":\"미개봉 상품으로 상품 상태는 새 상품과 동일합니다.\",\"coupang.mobile.web.used.item.category.unopened.voc.msg2\":\"개봉 여부: 미개봉 또는 외부 포장, 밀봉 씰이 손상되었을 수 있음\",\"coupang.mobile.web.used.item.category.unopened.msg2\":\"개봉 여부: 미개봉 (외부 포장에 경미한 손상이 있을 수 있음)\",\"coupang.mobile.web.used.item.category.unopened.msg3\":\"외관 상태: 새 상품과 동일\",\"coupang.mobile.web.used.item.category.unopened.msg4\":\"기능 상태: 새 상품과 동일\",\"coupang.mobile.web.used.item.category.unopened.msg5\":\"구성품: 모두 포함\",\"coupang.mobile.web.used.item.category.best\":\"반품-최상\",\"coupang.mobile.web.used.item.category.best.desc\":\"상품이 개봉됐으나 사용감이 없으며 외부 포장이 교체되었을 수 있습니다.\",\"coupang.mobile.web.used.item.category.best.msg1\":\"개봉 여부: 개봉됨 (외부 포장재 교체될 수 있음)\",\"coupang.mobile.web.used.item.category.best.flex.msg2\":\"외관 상태: 사용감 없음\",\"coupang.mobile.web.used.item.category.best.msg2\":\"외관 상태: 사용감 없음 (전자제품은 작동되었을 수 있음)\",\"coupang.mobile.web.used.item.category.best.msg3\":\"기능 상태: 정상, 쿠팡 검수 완료)\",\"coupang.mobile.web.used.item.category.best.msg4\":\"구성품: 모두 포함\",\"coupang.mobile.web.used.item.category.award\":\"반품-상\",\"coupang.mobile.web.used.item.category.award.desc\":\"상품이 개봉됐으나 정상 작동하며 작은 흠집이 있을 수 있습니다.\",\"coupang.mobile.web.used.item.category.award.msg1\":\"개봉 여부: 개봉됨 (외부 포장재 교체될 수 있음)\",\"coupang.mobile.web.used.item.category.award.flex.msg2\":\"외관 상태: 2개 이하의 작은 흠집\",\"coupang.mobile.web.used.item.category.award.msg2\":\"외관 상태: 2개 이하의 작은 흠집 (전자제품은 작동되었을 수 있음)\",\"coupang.mobile.web.used.item.category.award.msg3\":\"기능 상태: 정상 작동, 쿠팡 검수 완료\",\"coupang.mobile.web.used.item.category.award.msg4\":\"구성품: 모두 포함\",\"coupang.mobile.web.used.item.category.of\":\"반품-중\",\"coupang.mobile.web.used.item.category.of.desc\":\"상품이 정상 작동하나 작은 흠집이 있을 수 있고 일부 구성품이 누락되거나 호환 가능한 구성품으로 교체될 수 있습니다.\",\"coupang.mobile.web.used.item.category.of.msg1\":\"개봉 여부: 개봉됨 (외부 포장재 교체될 수 있음)\",\"coupang.mobile.web.used.item.category.of.flex.msg2\":\"외관 상태: 4개 미만의 작은 흠집\",\"coupang.mobile.web.used.item.category.of.msg2\":\"외관 상태: 4개 미만의 작은 흠집 (전자제품은 작동되었을 수 있음)\",\"coupang.mobile.web.used.item.category.of.msg3\":\"기능 상태: 정상 작동, 쿠팡 검수 완료\",\"coupang.mobile.web.used.item.category.of.msg4\":\"구성품: 부수적인 구성품 누락 또는 일부 구성품 교체\",\"coupang.mobile.web.used.item.disclaimer.msg1\":\"노트북의 경우 구매한 상품보다 램, 저장 장치, OS 등이 업그레이드된 상품을 수령할 수도 있습니다.\",\"coupang.mobile.web.used.item.disclaimer.msg2\":\"전자제품은 작동되었을 수 있습니다. (미개봉 제외)\",\"coupang.mobile.web.used.item.disclaimer.msg3\":\"서비스 보증은 제조사 정책에 따라 제조일자 혹은 작동일자를 기준으로 제공됩니다.\",\"coupang.mobile.web.used.item.disclaimer.msg4\":\"일부 반품 상품은 업체별 정책 또는 사정에 따라 보험 가입, 구매 프로모션 참여가 제한될 수 있습니다.\",\"coupang.web.ffe893\":\"홈으로\",\"coupang.web.227c97\":\"상품을 찾을 수 없습니다. 주소가 잘못 입력 되었거나, 판매 종료 또는 중지 되어 해당 상품을 찾을 수 없습니다. 이용에 불편을 드려 대단히 죄송합니다.\",\"coupang.web.d66813\":\"문의 대상을 선택해주세요.\",\"coupang.web.f9e913\":\"내용을 입력해 주세요.\",\"coupang.web.501f05\":\"잘못된 상품정보 수정요청하기\",\"coupang.web.270e07\":\"문제에 대해 알려주세요\",\"coupang.web.e08c89\":\"'상품 정보에 문제가 있나요?'는 수정이 필요한 상품 정보를 제보하는 곳이며, 답변이 제공되지 않습니다. 이 밖의 문의는 아래 링크를 확인하여 이용 부탁드립니다.\",\"coupang.web.959c04\":\"상품에 대한 질문은\",\"coupang.web.2b1fcd\":\"배송 관련 문의 및 그 외 요청 사항은\",\"coupang.web.8497eb\":\"고객센터\",\"coupang.web.82d047\":\"또는\",\"coupang.web.d404bf\":\"고객의 소리\",\"coupang.web.923b58\":\"판매 부적격 상품 또는 허위과장광고 및 지식재산권을 침해하는 상품의 경우\",\"coupang.mobile.web.qna.pageTitle.report\":\"신고하기\",\"coupang.web.94161f\":\"내용 (선택사항)\",\"coupang.web.c234a2\":\"내용을 함께 입력해주시면 더욱 빠른 처리가 가능합니다\",\"coupang.web.acc640\":\"가능 배송지로 변경 시 구매 가능\",\"coupang.web.sdp.WowOnlyPre\":\"추가\",\"coupang.web.sdp.WowOnly\":\"쿠팡캐시 적립 · 와우 전용\",\"coupang.web.sdp.unknowImageText\":\"현재 접속자가 너무 많습니다\",\"coupang.web.sdp.cashback.summary.title\":\"캐시적립 혜택\",\"coupang.web.sdp.atf.option_table.title\":\"더 많은 옵션 보기\",\"coupang.web.75e7c4\":\"상태 안내\",\"coupang.web.bffa61\":\"상품 상세\",\"coupang.web.669089\":\"특장점\",\"coupang.web.sdp.settlementAmount.pre\":\"최대\",\"coupang.web.sdp.settlementAmount\":\"쿠팡캐시 적립 ・ 쿠페이 결제 시\",\"coupang.web.1dcfbc\":\"추가 혜택\",\"coupang.web.afcc80\":\"* 캐시적립은 배송 완료 7일 후 적립됩니다.\",\"coupang.web.ee3b70\":\"최대\",\"coupang.web.f6bc2a\":\"적립\",\"coupang.web.39ba02\":\"{0}의\",\"coupang.web.0df6a3\":\"다른 상품들\",\"coupang.web.462c1f\":\"브랜드샵 구경할까요?\",\"coupang.web.96cfb7\":\"일 남음\",\"coupang.web.1b3a62\":\"쿠페이 머니 충전하기\",\"coupang.web.c2b9c9\":\"로켓와우 무료체험 신청하기\",\"coupang.web.4bf10c\":\"상품평 쓰기\",\"jikgu.widget.title\":\"전세계 핫딜\",\"jikgu.widget.subtitle\":\"로켓직구 글로벌특가\",\"promotion.discount\":\"지금 {discountRate} 할인 중\",\"promotion.title.prefix\":\"오늘의\",\"promotion.title\":\"판매자 특가\",\"recommendation_web_c764c2\":\"이전 상품 보기\",\"recommendation_web_2cdbdd\":\"다음 상품 보기\",\"promotion.discount.tag\":\"와우할인가\",\"promotion.discount.progress\":\"특가진행중\",\"promotion.percent\":\"남음\",\"promotion.shiptoday\":\"오늘출발\",\"coupang.web.772e25\":\"쿠페이 캐시적립 혜택\",\"coupang.web.dbd385\":\"[로켓와우 + 쿠페이 머니] 결제 시 5% 적립\",\"coupang.web.78c9a7\":\"쿠페이 머니 결제 시\",\"coupang.web.f4656a\":\"로켓와우클럽 신청 시\",\"coupang.web.1726ae\":\"무료체험\",\"coupang.web.e86b09\":\"신청하기\",\"coupang.web.94b2b6\":\"쿠페이 머니로 결제 시\",\"coupang.web.fb5132\":\"% 캐시적립\",\"coupang.web.ce816d\":\"로켓와우클럽 혜택\",\"coupang.web.8989fa\":\"쿠페이 머니로 결제 시 5% 캐시적립\",\"coupang.web.10258d\":\"(이벤트 기간 30일)\",\"coupang.web.8ed935\":\"쿠페이 계좌이체로 결제 시\",\"coupang.web.d376cf\":\"* 월별 최대 5만원 적립가능\",\"coupang.web.efc6bb\":\"쉽고 빠른 로켓직구\",\"coupang.web.5891b7\":\"추천\",\"coupang.web.cea53f\":\"이런건 어때요?\",\"coupang.web.3ac163\":\"광고\",\"coupang.web.615024\":\"알아보기\",\"coupang.web.d11312\":\"고르고 골랐어요\",\"coupang.web.2228ac\":\"감사합니다!\",\"coupang.web.9a2c6f\":\"고객님의 소중한 의견\",\"coupang.web.0c641b\":\"은 쿠팡 서비스를\",\"coupang.web.736922\":\"개선하는데 많은 도움이 됩니다.\",\"coupang.web.5bd519\":\"빠른 시일 내에 상품정보를\",\"coupang.web.f0b874\":\"개선하도록 하겠습니다.\",\"coupang.web.cd841e\":\"신고 사유를 선택해 주세요.\",\"sdp.front.ui.etc.jigku.title\":\"직구 판매자\",\"sdp.product.jikguVendorName\":\"벤더 명\",\"sdp.product.jikguVendorAddress\":\"등록 주소\",\"sdp.front.ui.persistent.cart.alert.prefix\":\"[품절임박]\",\"sdp.gift.card.title\":\"쿠팡 기프트카드는 쿠팡 앱에서 구매할 수 있어요\",\"sdp.gift.card.text1\":\"휴대폰으로 \u003cs\u003e{v}\u003c/s\u003e 쿠팡 앱에서 상품 확인\",\"sdp.gift.card.text1.bold\":\"QR코드를 스캔해\",\"sdp.gift.card.text2\":\"\u003cs\u003e{v}\u003c/s\u003e 원하는 금액과 카드 디자인 선택\",\"sdp.gift.card.text2.bold\":\"1만원부터 50만원까지\",\"sdp.gift.card.text3\":\"\u003cs\u003e{v}\u003c/s\u003e로 받는 분께 즉시 발송\",\"sdp.gift.card.text3.bold\":\"카카오톡이나 문자(SMS)\",\"coupang.web.39499e\":\"검색어를 입력해 주세요.\",\"coupang.web.qna.search.placeholder\":\"궁금한 내용을 단어나 키워드로 검색하세요.\",\"coupang.web.217229\":\"상품정보에 문제가 있나요?\",\"coupang.web.coach.icon\":\"판매자 상품 보러가기\",\"coupang.web.1919cc\":\"정말 삭제하시겠습니까?\",\"coupang.web.977dfc\":\"삭제되었습니다.\",\"coupang.web.sdp.atf.option_table.popup.option.disclaimer.instant.title\":\"다른 구성 보기\",\"coupang.web.sdp.atf.option_table.popup.option.disclaimer.picker.title\":\"옵션 선택\",\"coupang.web.sdp.atf.option_table.popup.option.disclaimer.modal\":\"수량, 무게 등 판매 단위 대비 단위가격이 저렴한 상품을 보여줍니다. 배송비가 있는 상품은 이를 포함한 단위가격입니다.\",\"coupang.web.sdp.atf.benefit.line.banner\":\"로켓배송 · 브랜드 본사 정품\",\"coupang.web.sdp.atf.benefit.line.banner.farfetch\":\"무료배송•브랜드 정품\",\"coupang.web.sdp.atf.cashbadge.cb.section.text1\":\"적립\",\"coupang.web.sdp.atf.cashbadge.cb.section.text2\":\"R.LUX 구매 시 적립 \u003cstrong\u003e{val}\u003c/strong\u003e\",\"coupang.web.sdp.atf.cashbadge.cb.section.text3\":\"쿠페이 머니 결제 시 적립 \u003cstrong\u003e{val}\u003c/strong\u003e\",\"coupang.web.sdp.atf.cashbadge.cb.section.text4\":\"선물하기 이용 시 적립 \u003cstrong\u003e{val}\u003c/strong\u003e\",\"coupang.web.sdp.atf.cashbadge.cb.section.text5\":\"판매자\",\"coupang.web.sdp.atf.cashbadge.cb.section.text6\":\"판매자 안내\",\"coupang.web.sdp.atf.cashbadge.cb.section.text7\":\"R.LUX 패션은 파페치를 통해 검증된 상품만을 판매합니다. 파페치는 2008년 런칭한 럭셔리 패션 플랫폼의 선두주자로, 전 세계 명품 브랜드 및 부티크와 파트너십을 맺고 있습니다.\",\"coupang.web.sdp.atf.cashbadge.cb.section.text8\":\"송장에 파페치 파트너의 이름이 기재될 수 있습니다. \",\"coupang.web.sdp.atf.cashbadge.cb.section.text9\":\"상품의 반품은 R.LUX 전용 고객센터를 통해 가능합니다.\",\"coupang.web.sdp.atf.cashbadge.cb.section.text10\":\"남은수량\",\"coupang.web.sdp.atf.cashbadge.cb.section.text11\":\"잔여 {val}개\",\"coupang.web.sdp.atf.cashbadge.cb.section.text12\":\"FARFETCH(파페치)\",\"coupang.web.sdp.atf.cashbadge.cb.section.text13\":\"구매제한\",\"coupang.web.sdp.rlux.review.detail.view\":\"자세히보기\",\"coupang.web.sdp.rlux.farfetch.delivery_policy_legal\":\"교환/반품에 관한 일반적인 사항은 판매자 제시사항보다 관계법령이 우선합니다. 다만, 판매자의 제시사항이 관계법령보다 소비자에게 유리한 경우에는 판매자 제시사항이 적용됩니다.\",\"coupang.web.sdp.rlux.farfetch.delivery_policy_legal1\":\"ㆍ단순변심에 의한 파페치 상품의 반품은 제품 수령 후 30일 이내까지, 반품 제한사항에 해당하지 않는 경우에만 가능 (반품 비용 고객부담)\",\"coupang.web.sdp.rlux.farfetch.delivery_policy_legal2\":\"ㆍ상품의 내용이 표시·광고의 내용과 다른 경우에는 상품을 수령한 날부터 3개월 이내, 그 사실을 안 날 또는 알 수 있었던 날부터 30일 이내에 청약철회 가능\",\"coupang.web.sdp.rlux.farfetch.delivery_policy_legal3\":\"ㆍ해외배송 특성상 ‘상품준비중’ 단계 이후부터는 상품 수령 후 반품만 가능(교환 불가)\",\"coupang.web.sdp.rlux.farfetch.delivery_policy_legal4\":\"쿠팡은 통신판매중개자로서 통신판매의 당사자가 아니며, 쿠팡은 파페치와 고객 간의 거래를 위한 서비스를 제공합니다. 아래의 파페치 반품 정책을 비롯한 상품에 대한 책임은 파페치에게 있습니다.\",\"coupang.web.sdp.rlux.farfetch.delivery_policy_legal5\":\"파페치 반품 정책\",\"coupang.web.sdp.rlux.farfetch.delivery_policy_legal6\":\"교환/반품 불가 상품의 반품 거절\",\"coupang.web.sdp.rlux.farfetch.delivery_policy_legal7\":\"교환/반품 제한사항에 해당하는 경우 환불이 불가능하며, 반품된 상품은 고객님께 반환됩니다.\",\"coupang.web.sdp.rlux.farfetch.return_policy1\":\"ㆍ파페치 반품 정책에 부합하지 않는 상품은 반품이 불가하므로, 배송받은 상품을 착용하실 때에는 반품 가능성을 고려해 처음 배송 상태 그대로 보존되도록 주의해 주세요.\",\"coupang.web.sdp.rlux.farfetch.return_policy2\":\"ㆍ상품의 사용 또는 훼손, 구성품 누락으로 상품의 가치가 현저히 감소한 경우에는 반품이 제한될 수 있습니다. 특히, 아래 내용을 준수하지 않은 상품의 경우, 고객의 귀책 또는 사용으로 인해 상품이 멸실 또는 훼손되거나 상품의 가치가 현저히 감소한 경우에 해당하여 반품이 제한됩니다.\",\"coupang.web.sdp.rlux.farfetch.return_policy3\":\"ㆍ반품 제한사항이 있는 경우에는 반품을 신청하더라도 환불이 불가능하며, 반품된 상품은 고객님께 반환되므로, 아래 내용을 꼭 확인해주세요.\",\"coupang.web.sdp.rlux.farfetch.return_policy4\":\"ㆍ반품할 상품은 세탁 및 수선, 훼손되지 않았으며, 모든 태그가 부착되어 있고 처음 배송 상태와 동일해야 합니다.\",\"coupang.web.sdp.rlux.farfetch.return_policy5\":\"ㆍ신발과 액세서리는 함께 배송된 브랜드 박스와 더스트 백 등을 모두 포함해 파페치 박스 또는 상품 보호용 외부 상자에 담아 반품해 주셔야 합니다.\",\"coupang.web.sdp.rlux.farfetch.return_policy6\":\"ㆍ신발 착용 시, 밑창에 때가 묻거나 브랜드 박스가 훼손되지 않도록 주의해 주세요\",\"coupang.web.sdp.rlux.farfetch.return_policy7\":\"ㆍ파페치 보안 태그 혹은 브랜드 고유 태그가 부착되어 배송되었다면, 모든 태그가 부착된 상태 그대로 반품해 주셔야 합니다.\",\"coupang.web.sdp.rlux.farfetch.return_policy8\":\"ㆍ스타킹, 양말류, 란제리, 스윔웨어는 위생용 보호 테이프가 부착된 상태 그대로 개봉되거나 훼손되지 않아야 합니다.\",\"coupang.web.sdp.rlux.farfetch.return_policy9\":\"ㆍ란제리와 스윔웨어는 반드시 별도의 속옷 위에 착용해 주세요. 훼손되거나 더러워진 상품은 반품이 불가합니다.\",\"coupang.web.sdp.rlux.farfetch.return_policy10\":\"ㆍ페이스 마스크는 개봉, 착용, 손상되지 않고 처음 배송 상태와 동일해야 합니다.\",\"coupang.web.sdp.rlux.farfetch.return_policy11\":\"ㆍ주얼리는 배송된 함께 배송된 브랜드 박스와 서류 등을 모두 포함해 처음 배송 상태 그대로 반품해 주셔야 합니다.\",\"coupang.web.sdp.rlux.farfetch.return_policy12\":\"ㆍ파페치 반품 서비스를 이용하지 않고 본인 비용으로 반품하신 경우, 고객님에게 반품에 대한 책임이 있습니다. 배송받은 국가가 아닌 다른 국가에서 반품을 원한다면, 고객님이 반품 과정에서 발생하는 비용을 직접 부담하고 반품에 대한 책임을 지셔야 합니다. 단, 배송받은 상품이 주문한 상품과 다르거나 상품 손상 및 결함이 있는 경우는 이에 해당되지 않습니다.\",\"coupang.web.sdp.rlux.farfetch.return_policy13\":\"ㆍ더 나은 쇼핑 경험을 제공하기 위해 파페치는 유연한 반품 정책을 제공합니다. 다만, 이와 동시에 파페치는 반품 횟수를 모니터링하고, 고객의 반품 행위가 반품 정책을 위반하는 경우 향후 주문을 제한할 권한을 갖습니다.\",\"coupang.web.sdp.rlux.farfetch.seller_info1\":\"소비자상담 및\u003cbr/\u003e교환/반품 문의\",\"coupang.web.sdp.rlux.farfetch.seller_info2\":\"R.LUX 고객센터 1670-9852\",\"coupang.web.sdp.rlux.farfetch.seller_info3\":\"R.LUX 앱 ‘마이 페이지 \u003e 고객센터 \u003e 상담하기'에서도 문의할 수 있습니다.\",\"coupang.web.sdp.rlux.farfetch.seller_info4\":\"상호/대표자\",\"coupang.web.sdp.rlux.farfetch.seller_info5\":\"연락처\",\"coupang.web.sdp.rlux.farfetch.seller_info6\":\"사업장소재지\",\"coupang.web.sdp.rlux.farfetch.seller_info7\":\"통신판매 신고번호\",\"coupang.web.sdp.rlux.farfetch.seller_info8\":\"사업자번호\",\"coupang.web.sdp.rlux.farfetch.benefit.title\":\"패션 혜택 안내\",\"coupang.web.sdp.rlux.farfetch.benefit.authentic.title\":\"브랜드 정품\",\"coupang.web.sdp.rlux.farfetch.benefit.authentic.description\":\"R.LUX 패션은 파페치를 통해 검증된 상품만을 판매합니다. 파페치는 2008년 런칭한 럭셔리 패션 플랫폼의 선두주자로, 전 세계 명품 브랜드 및 부티크와 파트너십을 맺고 있습니다.\",\"coupang.web.sdp.rlux.farfetch.benefit.shopping.title\":\"빠르고 편리한 로켓직구 쇼핑\",\"coupang.web.sdp.rlux.farfetch.benefit.shopping.description\":\"관세와 부가가치세가 미리 계산되어 상품 가격에 포함되어 있습니다. 또한 모든 상품은 로켓직구 배송서비스를 통해 빠르게 도착합니다.\",\"coupang.web.sdp.rlux.farfetch.benefit.return.title\":\"복잡한 절차 없는 100% 무료반품\",\"coupang.web.sdp.rlux.farfetch.benefit.return.description\":\"상품을 배송받은 날부터 30일 이내 반품 가능하며, 와우 멤버십 회원이라면 배송비나 반품비 등 별도 비용 차감 없이 전체 금액이 환불됩니다. (일반회원은 5,000원 반품 비용 발생)\",\"coupang.web.sdp.rlux.farfetch.benefit.usage.title\":\"R.LUX 패션상품 이용 방법\",\"coupang.web.sdp.rlux.farfetch.benefit.return.policy.title\":\"파페치 반품 정책 안내\",\"coupang.web.sdp.rlux.farfetch.benefit.return.policy.item1\":\"파페치 반품 정책에 부합하지 않는 상품은 반품이 불가하므로, 배송받은 상품을 착용하실 때에는 반품 가능성을 고려해 처음 배송 상태 그대로 보존되도록 주의해 주세요.\",\"coupang.web.sdp.rlux.farfetch.benefit.return.policy.item2\":\"상품의 사용 또는 훼손, 구성품 누락으로 상품의 가치가 현저히 감소한 경우에는 반품이 제한될 수 있습니다. 특히, 아래 내용을 준수하지 않은 상품의 경우, 고객의 귀책 또는 사용으로 인해 상품이 멸실 또는 훼손되거나 상품의 가치가 현저히 감소한 경우에 해당하여 반품이 제한됩니다.\",\"coupang.web.sdp.rlux.farfetch.benefit.return.policy.item3\":\"반품 제한사항이 있는 경우에는 반품을 신청하더라도 환불이 불가능하며, 반품된 상품은 고객님께 반환되므로, 아래 내용을 꼭 확인해주세요.\",\"coupang.web.sdp.rlux.farfetch.benefit.return.policy.item4\":\"반품할 상품은 세탁 및 수선, 훼손되지 않았으며, 모든 태그가 부착되어 있고 처음 배송 상태와 동일해야 합니다.\",\"coupang.web.sdp.rlux.farfetch.benefit.return.policy.item5\":\"신발과 액세서리는 함께 배송된 브랜드 박스와 더스트 백 등을 모두 포함해 파페치 박스 또는 상품 보호용 외부 상자에 담아 반품해 주셔야 합니다.\",\"coupang.web.sdp.rlux.farfetch.benefit.return.policy.item6\":\"신발 착용 시, 밑창에 때가 묻거나 브랜드 박스가 훼손되지 않도록 주의해 주세요.\",\"coupang.web.sdp.rlux.farfetch.benefit.return.policy.item7\":\"파페치 보안 태그 혹은 브랜드 고유 태그가 부착되어 배송되었다면, 모든 태그가 부착된 상태 그대로 반품해 주셔야 합니다.\",\"coupang.web.sdp.rlux.farfetch.benefit.return.policy.item8\":\"스타킹, 양말류, 란제리, 스윔웨어는 위생용 보호 테이프가 부착된 상태 그대로 개봉되거나 훼손되지 않아야 합니다.\",\"coupang.web.sdp.rlux.farfetch.benefit.return.policy.item9\":\"란제리와 스윔웨어는 반드시 별도의 속옷 위에 착용해 주세요. 훼손되거나 더러워진 상품은 반품이 불가합니다.\",\"coupang.web.sdp.rlux.farfetch.benefit.return.policy.item10\":\"페이스 마스크는 개봉, 착용, 손상되지 않고 처음 배송 상태와 동일해야 합니다.\",\"coupang.web.sdp.rlux.farfetch.benefit.return.policy.item11\":\"주얼리는 배송된 함께 배송된 브랜드 박스와 서류 등을 모두 포함해 처음 배송 상태 그대로 반품해 주셔야 합니다.\",\"coupang.web.sdp.rlux.farfetch.benefit.return.policy.item12\":\"파페치 반품 서비스를 이용하지 않고 본인 비용으로 반품하신 경우, 고객님에게 반품에 대한 책임이 있습니다. 배송받은 국가가 아닌 다른 국가에서 반품을 원한다면, 고객님이 반품 과정에서 발생하는 비용을 직접 부담하고 반품에 대한 책임을 지셔야 합니다. 단, 배송받은 상품이 주문한 상품과 다르거나 상품 손상 및 결함이 있는 경우는 이에 해당되지 않습니다.\",\"coupang.web.sdp.rlux.farfetch.benefit.return.policy.item13\":\"더 나은 쇼핑 경험을 제공하기 위해 파페치는 유연한 반품 정책을 제공합니다. 다만, 이와 동시에 파페치는 반품 횟수를 모니터링하고, 고객의 반품 행위가 반품 정책을 위반하는 경우 향후 주문을 제한할 권한을 갖습니다.\",\"coupang.web.sdp.rlux.farfetch.benefit.return.policy.item14\":\"교환/반품 제한사항에 해당하는 경우 환불이 불가능하며, 반품된 상품은 고객님께 반환됩니다.\",\"coupang.web.sdp.rlux.farfetch.benefit.return.policy.item15\":\"반품 관련 구체적인 내용은 상품 상세페이지를 확인해주세요\",\"coupang.web.sdp.rlux.farfetch.benefit.customs.title\":\"관부가세 및 통관 및 통관대행료 안내\",\"coupang.web.sdp.rlux.farfetch.benefit.customs.item1\":\"주문 시 결제한 최종 가격에 관세와 부가가치세가 포함되어 있으므로 더 이상 추가되는 금액이 없습니다.\",\"coupang.web.sdp.rlux.farfetch.benefit.customs.item2\":\"원활한 수입 통관을 위해 운송사가 고객님의 개인정보 (주민등록번호 등)를 요청할 수 있습니다.\",\"coupang.web.sdp.rlux.farfetch.benefit.customs.item3\":\"주문한 같은 날, 타 사이트에서 같은 판매자로의 별도 물건을 주문할 경우, 타 사이트의 정책에 따라 추가 관부가세를 내야 할 수 있습니다. 이는 총 구매액이 150달러(미국발 200달러를)를 초과할 경우에만 해당됩니다.\",\"coupang.web.sdp.rlux.farfetch.benefit.customs.item4\":\"주문 후 관부가세 납부안내를 받고 의문이 있는 경우, R.LUX 전용 고객센터로 문의 주시면 빠르게 상세 안내해 드리겠습니다. (전화 혹은 채팅 문의)\",\"coupang.web.sdp.rlux.farfetch.benefit.footer.button\":\"R.LUX 전체 혜택 보기\",\"coupang.web.sdp.farfetch.shopping\":\"쇼핑하기\",\"coupang.web.sdp.notOnSale\":\"현재 판매중인 상품이 아닙니다\",\"coupang.web.sdp.freebie\":\"사은품\",\"coupang.sdp.purchase.error\":\"서버 에러가 발생했습니다. 다시 시도해 주십시오.\",\"coupang.web.product.description.title\":\"제품 사양\",\"coupang.web.product.highlight.title\":\"제품특징\",\"coupang.web.product.summary.title\":\"제품 요약\",\"sdp.front.ui.product.desc\":\"상품을\",\"product.description.see.more\":\"더 보기\",\"product.description.see.less\":\"접기\",\"sdp.front.ui.throttling.system.error.title\":\"시스템 오류\",\"sdp.front.ui.throttling.system.error.description\":\"오류가 발생하였습니다. 다시 시도해 주세요.\",\"sdp.front.ui.throttling.system.error.button\":\"확인\",\"sdp.front.ui.rocketInstallationPitch.box.title\":\"로켓설치로 걱정 없는 가전 주문\",\"sdp.front.ui.rocketInstallationPitch.box.subTitle\":\"각 혜택을 눌러 더 자세히 알아보세요\",\"sdp.front.ui.rocketInstallationPitch.box.item.installation\":\"전문 설치 및 A/S 지원\",\"sdp.front.ui.rocketInstallationPitch.box.item.pickup\":\"폐가전 무상 수거\",\"sdp.front.ui.rocketInstallationPitch.box.item.ladderTrucks\":\"사다리차 무상 지원\",\"sdp.front.ui.rocketInstallationPitch.box.item.return\":\"설치 불가 시 무료반품\",\"sdp.front.ui.rocketInstallationPitch.popup.item.installation.description1\":\"주문 후 4주 이내 희망 배송일에 전문 기사가 직접 배송/설치하며, 사용법까지 안내해 드립니다.\",\"sdp.front.ui.rocketInstallationPitch.popup.item.installation.description2\":\"도서 산간 포함 배송비는 무료입니다.\",\"sdp.front.ui.rocketInstallationPitch.popup.item.installation.description3\":\"미설치, 단순 수령, 빈집 설치는 불가하며 고객님의 사정으로 미설치 시 배송 보류/반품될 수 있습니다.\",\"sdp.front.ui.rocketInstallationPitch.popup.item.installation.description4\":\"설치 환경에 따라 설치가 어려울 수 있습니다.\",\"sdp.front.ui.rocketInstallationPitch.popup.item.installation.description5\":\"제조사 공식 A/S를 이용할 수 있습니다.\",\"sdp.front.ui.rocketInstallationPitch.popup.item.installation.description6\":\"단, 도서 산간은 지역과 브랜드에 따라 지원 서비스가 상이할 수 있으니 상품 상세 페이지를 확인해주세요.\",\"sdp.front.ui.rocketInstallationPitch.popup.item.pickup.description1\":\"폐가전 수거는 전국 무상 지원해 드립니다.\",\"sdp.front.ui.rocketInstallationPitch.popup.item.pickup.description2\":\"설치 장소에 있는 구매 상품과 동일 품목의 폐가전만 수거 가능합니다.\",\"sdp.front.ui.rocketInstallationPitch.popup.item.pickup.description3\":\"수거는 환경에 따라 어려울 수 있으며, 배송 전 드리는 안내 전화에서 가능 여부를 확인해주세요.\",\"sdp.front.ui.rocketInstallationPitch.popup.item.pickup.description4\":\"단, 도서 산간은 지역과 브랜드에 따라 지원 서비스가 상이할 수 있으니 상품 상세 페이지를 확인해주세요.\",\"sdp.front.ui.rocketInstallationPitch.popup.item.ladderTrucks.description1\":\"사다리차 사용은 설치 기사 확인 후 필요 시 무상 지원해 드립니다.\",\"sdp.front.ui.rocketInstallationPitch.popup.item.ladderTrucks.description2\":\"단, 도서 산간은 지역과 브랜드에 따라 지원 서비스가 상이할 수 있으니 상품 상세 페이지를 확인해주세요.\",\"sdp.front.ui.rocketInstallationPitch.popup.item.return.description1\":\"배송 후 설치 불가 시 무료 교환/반품 가능합니다.\",\"sdp.front.ui.rocketInstallationPitch.popup.item.return.description2\":\"상품 하자 시 제조사 확인 후 교환/반품이 진행됩니다.\",\"sdp.front.ui.rocketInstallationPitch.popup.item.return.description3\":\"설치 후 고객 변심으로 인한 교환/반품은 불가합니다.\",\"sdp.front.ui.rocketInstallationPitch.popup.item.return.description4\":\"단, 도서 산간은 지역과 브랜드에 따라 지원 서비스가 상이할 수 있으니 상품 상세 페이지를 확인해주세요.\",\"product.description.main.info.title\":\"상품 주요 사양\",\"product.description.more.info.title\":\"추가 정보\",\"product.description.more.info.popup.title\":\"상품 전체 사양\",\"coupang.web.recycle.notice.nudge.title\":\"대형 가전제품 무료 재활용 서비스\",\"coupang.web.recycle.notice.nudge.desc\":\"주문이 확인된 후 배송, 설치, 재활용에 관한 일정을 조율하기 위해 연락드리겠습니다.\",\"coupang.web.recycle.notice.content.title\":\"환경부에서 요구하는 4대 대형폐기물 가전제품에 대한 재활용 서비스를 제공합니다.\",\"coupang.web.recycle.notice.content.desc\":\"소비자가 환경부 고시에서 지정한 사양을 충족하는 새 TV, 세탁기, 냉장고, 에어컨 또는 히터를 구매할 경우 판매자는 해당 중고 가전제품에 대한 무료 재활용 서비스를 제공해야 합니다. 이 서비스에는 동일한 종류와 수량의 가전제품을 동시에, 동일한 배송지에서 수거 및 운송하는 것이 포함되지만, 해체 또는 운송을 위한 중장비 사용, 엔지니어링 작업 또는 기타 위험한 작업은 포함되지 않습니다. 소비자는 중고 가전제품을 수거할 때 \\\"4대형 폐가전 재활용 3부 시트\\\"를 요청하시기 바랍니다. 본인은 아래 서명한 소비자로서, 앞서 언급한 권리와 혜택에 대해 구두로 안내를 받았거나 기타 방식으로 알고 있음을 확인합니다.\",\"coupang.web.recycle.notice.content.link\":\"자원 재활용 웹사이트\",\"coupang.web.recycle.notice.content.extraDesc\":\"환경부 자원순환국에서 제공함.\",\"coupang.web.recycle.notice.content.tel\":\"0800-085-717\",\"coupang.web.recycle.notice.nudge.button\":\"확인\",\"coupang.web.size_chart.title\":\"크기 가이드\",\"coupang.web.size_chart.nodata\":\"데이터 가 없\",\"coupang.web.size_chart.nodata_info\":\"현재 표시할 수 있는 데이터가 없습니다.\",\"coupang.web.size_chart.measurement_note\":\"\u003cul\u003e\u003cli\u003e* 재질로 인해 실측 사이즈와 약간 차이가 있을 수 있습니다.\u003c/li\u003e\u003cli\u003e* 사이즈 차트는 센티미터 (cm) 단위로 되어 있다.\u003c/li\u003e\u003c/ul\u003e\",\"coupang.web.size_chart.measurement_note_shoes\":\"\u003cul\u003e\u003cli\u003e* 권장 참고 사이즈로 상품 소재 때문에 실제 사이즈와 약간의 오차가 있을 수 있습니다.\u003c/li\u003e\u003cli\u003e* 발 길이 측정 방법:흰 종이에 서서 필로 각의 윤곽을 그리고 자로 발꿈치에서 발끝 맨 끝까지의 수직거리 (cm)를 측정하며 대조표에 따라 치수를 선택한다.\u003c/li\u003e\u003c/ul\u003e\",\"coupang.web.global_ccid.label\":\"신용카드 프로모션\",\"coupang.web.global_ccid.more\":\"자세한 내용\",\"coupang.web.global_ccid.arrow_icon\":\"화살표 아이콘\",\"coupang.web.global_installment.label\":\"결제 시 혜택\",\"coupang.web.global_installment.month\":\"최대 {month}개월\",\"coupang.web.global_installment.rate\":\" {rate} 할부\",\"coupang.web.global_installment_nudge.defaultCcid_zero\":\"\u003cstrong\u003e또는\u003c/strong\u003e 최저 \u003chighlight\u003e{amount}\u003c/highlight\u003e ({month}개월 0금리)\",\"coupang.web.global_installment_nudge.defaultCcid_other\":\"\u003cstrong\u003e또는\u003c/strong\u003e 최저 \u003chighlight\u003e{amount}\u003c/highlight\u003e ({month}개월 {rate}금리)\",\"coupang.web.global_installment_nudge.directBuy\":\"지금 구매\",\"coupang.web.global_installment_nudge.moreCcid_zero\":\"국민카드 0금리 할부 방안\",\"coupang.web.global_installment_nudge.moreCcid_other\":\"국민카드 {rate}금리 할부 방안\",\"coupang.web.global_installment_nudge.popup.directBy\":\"지금 구매\",\"coupang.web.global_installment_nudge.popup.periods\":\"{periods}개월 할부\u003cstrong\u003e{amount}/mo\u003c/strong\u003e\",\"coupang.web.global_installment_nudge.popup.noticeTitle\":\"주의사항\"},\"locale\":\"ko-KR\",\"region\":\"KR\",\"timeZone\":\"Asia/Seoul\",\"children\":[\"$\",\"$L1e\",null,{\"urlQuery\":{\"vendorItemId\":\"83726045018\",\"sourceType\":\"HOME_RELATED_ADS\",\"searchId\":\"feed-cee516840d704d5986e2ab33448c1457-3.33.55:related_ads\",\"clickEventId\":\"8b540f30-990a-11f0-901d-c592a65a661e\"},\"isMobile\":false,\"abTestMap\":{\"82946\":\"A\",\"85935\":\"A\",\"86279\":\"A\",\"86366\":\"A\",\"86447\":\"A\",\"86449\":\"A\",\"88666\":\"B\",\"88944\":\"A\",\"89003\":\"A\",\"90653\":\"A\",\"91076\":\"B\",\"91331\":\"A\",\"91332\":\"A\"},\"children\":[\"$\",\"$L2\",null,{\"parallelRouterKey\":\"children\",\"error\":\"$undefined\",\"errorStyles\":\"$undefined\",\"errorScripts\":\"$undefined\",\"template\":[\"$\",\"$L3\",null,{}],\"templateStyles\":\"$undefined\",\"templateScripts\":\"$undefined\",\"notFound\":\"$undefined\",\"forbidden\":\"$undefined\",\"unauthorized\":\"$undefined\"}]}]}]],[\"$\",\"div\",null,{\"dangerouslySetInnerHTML\":{\"__html\":\"$1f\"}}],\"$undefined\",[[\"$\",\"$L20\",\"0\",{\"src\":\"https://front.coupangcdn.com/front-web-next/_next/static/web-adapter/index-B9TnnTkp.js\"}],[\"$\",\"$L20\",\"1\",{\"strategy\":\"lazyOnload\",\"src\":\"https://asset2.coupangcdn.com/customjs/criteo/5.11.0/ld.min.js\"}],[\"$\",\"$L20\",\"2\",{\"id\":\"criteo-js-sdk\",\"strategy\":\"beforeInteractive\",\"children\":\"window.criteo_q = window.criteo_q || []\"}],[\"$\",\"$L20\",\"3\",{\"id\":\"fb-js-sdk\",\"strategy\":\"afterInteractive\",\"children\":\"!function(f,b,e,v,n,t,s){if(f.fbq)return;n=f.fbq=function(){n.callMethod?n.callMethod.apply(n,arguments):n.queue.push(arguments)};if(!f._fbq)f._fbq=n;\\n        n.push=n;n.loaded=!0;n.version='2.0';n.queue=[];t=b.createElement(e);t.async=!0;\\n        t.src=v;s=b.getElementsByTagName(e)[0];s.parentNode.insertBefore(t,s)}(window,\\n            document,'script','https://connect.facebook.net/en_US/fbevents.js');fbq('init', '652323801535981');fbq('track', 'PageView');\"}],[\"$\",\"$L20\",\"4\",{\"id\":\"seo-js-sdk\",\"strategy\":\"lazyOnload\",\"data-seo-rule\":\"{\\\"enabled\\\":true,\\\"cookieEnabled\\\":false,\\\"sdkVersion\\\":\\\"1.0.2\\\"}\",\"src\":\"https://assets.coupangcdn.com/customjs/seo-js-sdk/1.0.2/seo-js-sdk.umd.min.js\"}]]]}]]}]\n"])</script><script type="text/javascript" src="/nsGyqwa7U6CW6duLVVeR4wAu5fQ/7ia3tkOh7imN4p/dGlCBz05LA/FyotEgoj/R1Q"></script><script type="text/javascript" src="/nsGyqwa7U6CW6duLVVeR4wAu5fQ/8Sa3tkOh/Gn1FBz05LA/TnUAOztc/J2hqAQ?v=e7d0227f-ed36-1808-1fc2-60854c001723" defer=""></script><script src="https://front.coupangcdn.com/front-web-next/_next/static/web-adapter/index-B9TnnTkp.js" data-nscript="afterInteractive"></script><script id="fb-js-sdk" data-nscript="afterInteractive">!function(f,b,e,v,n,t,s){if(f.fbq)return;n=f.fbq=function(){n.callMethod?n.callMethod.apply(n,arguments):n.queue.push(arguments)};if(!f._fbq)f._fbq=n;
        n.push=n;n.loaded=!0;n.version='2.0';n.queue=[];t=b.createElement(e);t.async=!0;
        t.src=v;s=b.getElementsByTagName(e)[0];s.parentNode.insertBefore(t,s)}(window,
            document,'script','https://connect.facebook.net/en_US/fbevents.js');fbq('init', '652323801535981');fbq('track', 'PageView');</script><next-route-announcer style="position: absolute;"><template shadowrootmode="open"><div aria-live="assertive" id="__next-route-announcer__" role="alert" style="position: absolute; border: 0px; height: 1px; margin: -1px; padding: 0px; width: 1px; clip: rect(0px, 0px, 0px, 0px); overflow: hidden; white-space: nowrap; overflow-wrap: normal;"></div></template></next-route-announcer><iframe src="https://www.coupang.com/n-api/web-adapter/proxy" width="1" height="1" hidden="" aria-hidden=""></iframe><script src="https://asset2.coupangcdn.com/customjs/criteo/5.11.0/ld.min.js" data-nscript="lazyOnload"></script><div id="criteo-tags-div" style="display: none;"></div><script src="https://assets.coupangcdn.com/customjs/seo-js-sdk/1.0.2/seo-js-sdk.umd.min.js" id="seo-js-sdk" data-seo-rule="{&quot;enabled&quot;:true,&quot;cookieEnabled&quot;:false,&quot;sdkVersion&quot;:&quot;1.0.2&quot;}" data-nscript="lazyOnload"></script><iframe height="0" width="0" hidden="" aria-hidden="true" title="Criteo DIS iframe"></iframe><div class="twc-flex twc-items-center twc-justify-center twc-fixed twc-left-0 twc-top-0 twc-right-0 twc-bottom-0 twc-z-[999] twc-bg-[#111]/[.5] twc-hidden"><div class="twc-min-h-[160px] twc-pointer-events-all twc-box-border twc-rounded-[4px] twc-relative twc-flex twc-flex-col twc-mx-[24px] twc-pb-[20px] twc-pt-[16px] twc-w-[312px] twc-max-lvh/2 twc-bg-white"><div class="twc-flex twc-justify-between twc-items-center twc-px-[20px] twc-pb-[16px] twc-border-b twc-border-b-[#dfe3e8]"><div class="twc-text-[16px] twc-font-bold twc-text-[#111]">판매자 평가</div><svg class="twc-select-none twc-cursor-pointer" xmlns="http://www.w3.org/2000/svg" width="20" height="20" viewBox="0 0 20 20" fill="none"><path fill-rule="evenodd" clip-rule="evenodd" d="M4.67758 3.50776C4.35067 3.25357 3.87798 3.27668 3.57757 3.57709C3.25214 3.90252 3.25214 4.43016 3.57757 4.7556L8.82165 9.99967L3.57757 15.2438L3.50825 15.3223C3.25406 15.6492 3.27717 16.1219 3.57757 16.4223C3.90301 16.7477 4.43065 16.7477 4.75609 16.4223L10.0002 11.1782L15.2442 16.4223L15.3227 16.4916C15.6497 16.7458 16.1223 16.7227 16.4228 16.4223C16.7482 16.0968 16.7482 15.5692 16.4228 15.2438L11.1787 9.99967L16.4228 4.7556L16.4921 4.67709C16.7463 4.35018 16.7232 3.87749 16.4228 3.57709C16.0973 3.25165 15.5697 3.25165 15.2442 3.57709L10.0002 8.82116L4.75609 3.57709L4.67758 3.50776Z" fill="#212B36"></path></svg></div><div class="twc-grow twc-shrink twc-min-w-0 twc-min-h-0 twc-overflow-auto twc-px-[20px]"><div class="twc-flex twc-items-center twc-justify-between twc-py-[24px] twc-px-0"><div class="twc-flex twc-items-center twc-text-[14px] twc-font-[400] twc-text-[#111]"><img class="twc-w-[20px] twc-h-[19px]" alt="store icon" loading="lazy" src="https://image.coupangcdn.com/image/coupang/rds/icon/xxhdpi/ic_seller_outline.png"><span class="twc-ml-[4px]">주식회사 신세계메디팜</span></div><div><div class="twc-flex twc-items-center"><img class="twc-w-[23px] twc-h-[22px]" alt="icon" loading="lazy" src="https://image.coupangcdn.com/image/mobile_app/v3/badges/thumbs_up/xxhdpi/ic_thumbsup_outline_black_buybox.png"><span class="twc-font-[600] twc-text-[20px] twc-text-[#333] twc-ml-[6px]">95%</span></div><div class="twc-text-right twc-text-[#777] twc-text-[12px] twc-font-[400]"><strong>563건의 평가</strong></div></div></div><div class="twc-pt-[16px] twc-pb-[24px] twc-text-[14px] twc-text-[#777] twc-border-t twc-border-[#f1f4f6] twc-leading-[21px]"><span>이 판매자가 제공하는 전체적인 서비스에 대한 고객의 만족도입니다.<br>(배송, 포장, 고객응대, 가격, 유통기한 등) </span></div></div></div></div></body>